1819 2972
60 156 89 200 14
284 164 377 205 ACTUS
390 164 616 205 Disc1PULORUM.
685 166 775 213 [CHAP.
785 164 839 205 VIII

58 293 212 340 serbaberint
227 293 390 339 salbabuntur
406 294 436 339 ab
452 292 581 350 spiritibus
598 293 714 351 malignis
729 293 772 350 qui
787 292 836 350 spi-

59 363 125 409 ritus
136 363 264 409 lrominum
277 362 381 419 gloriam
394 362 530 420 spirituum
541 362 622 420 patris
635 368 660 410 et
672 362 775 420 gloriam
787 361 838 419 spi-

59 432 124 479 ritus
134 432 214 479 saneti
227 437 251 478 et
263 432 366 489 gloriam
377 431 423 477 filii
437 431 476 478 dei
487 447 602 490 spernere
615 432 718 479 laniunt.

90 500 281 559 Responderunt
304 501 419 559 disoipuli
439 502 538 547 seribis:
563 501 612 558 Qui
632 502 736 558 spiritus
756 499 837 547 saneti

59 586 194 617 sermonem
204 571 357 617 serbaberint
367 571 531 617 salbebuntur
541 572 571 617 ab
581 571 713 628 spiritibus
722 570 836 628 malignis
909 579 910 611 1

60 641 103 697 qui
119 640 223 698 spiritus
238 641 366 686 hominum
382 640 561 687 beatitudinem
577 640 712 698 spirituum
729 640 837 686 filiorum

60 712 100 759 dei
111 726 226 770 spernere
236 711 342 757 iaciunt.

90 781 281 839 Responderunt
298 781 390 826 seribe:
412 779 461 836 Qui
479 779 584 838 spiritus
603 780 682 826 saneti
701 792 837 825 sermonem

59 851 211 897 serbaberint
228 851 390 896 sulbabuntur
406 851 436 896 ab
452 848 582 907 spiritibus
597 849 712 906 malignis
729 849 771 906 qui
787 848 836 906 spi·
908 845 910 905 f

59 923 124 969 ritus
132 923 261 969 *hominum
269 921 449 968 beatitudinem
457 921 593 979 spirituum
601 921 709 966 filiorum
719 921 760 967 dei
770 935 836 977 sper·

58 1010 116 1041 nere
129 994 233 1040 faciunt.
720 1008 722 1010 ·

89 1066 279 1124 Responderunt
290 1065 406 1123 discipuli
414 1065 513 1112 seribis:
526 1064 575 1121 Qui
584 1065 688 1123 spiritus
696 1064 777 1112 saneti
786 1078 835 1111 ser·

57 1153 152 1184 monem
171 1138 324 1185 serbuberint
342 1139 504 1184 salbebuntur
523 1139 553 1184 ab
571 1138 702 1195 spiritibus
719 1138 834 1195 malignis

57 1210 100 1266 qui
113 1210 216 1267 spiritus
228 1210 355 1256 hominum
369 1210 472 1267 gloriam
486 1215 595 1256 eternam
608 1209 743 1267 spirituum
755 1210 835 1267 patris

57 1288 81 1328 et
99 1282 202 1339 gloriam
219 1287 329 1329 eternam
345 1282 449 1339 spiritus
464 1282 544 1328 saneti
562 1288 586 1328 et
603 1282 708 1338 gloriam
725 1287 834 1328 eternam
907 1277 910 1324 l

56 1354 102 1400 filii
117 1354 156 1400 dei
167 1368 284 1412 spernere
296 1354 401 1400 faeiunt.

86 1426 277 1483 Responderunt
296 1425 387 1472 seribe:
409 1424 457 1481 Qui
476 1426 581 1481 spiritus
599 1425 679 1472 saneti
698 1439 834 1471 sermonem
908 1427 909 1431 ’

55 1497 209 1544 serbaberint
223 1498 387 1544 selbebuntur
403 1498 432 1544 ab
449 1498 579 1555 spiritibus
594 1498 710 1555 malignis
726 1498 768 1555 qui
785 1498 833 1556 spi·
907 1498 909 1544 J

56 1569 119 1615 ritus
131 1570 259 1615 hominum
272 1569 376 1626 gloriam
389 1570 524 1626 spirituum
537 1569 616 1627 patris
631 1575 655 1616 et
668 1570 772 1626 gloriam
784 1569 833 1627 spi·

55 1642 121 1688 ritus
132 1642 212 1687 saneti
225 1647 249 1687 et
263 1642 367 1698 gloriam
378 1641 424 1686 filii
438 1641 478 1687 dei
492 1656 606 1698 spernere
621 1641 725 1687 laoiunt.
907 1638 909 1641 ⁴

86 1712 276 1770 Responderunt
296 1713 414 1769 discipuli
434 1712 534 1758 seribis:
557 1712 605 1768 Qui
627 1714 730 1771 spiritus
753 1712 832 1759 3011011

54 1799 190 1830 sermonem
206 1785 359 1830 serbaberint
376 1789 555 1840 eonsequentur
571 1800 616 1842 per
631 1785 750 1841 spiritum
765 1799 833 1831 sano-

54 1862 109 1902 tum
120 1856 224 1912 gloriam
232 1856 369 1913 spirituum
378 1856 487 1902 filiorum
498 1857 543 1903 dei.

85 1927 276 1985 Responderunt
294 1927 385 1973 seribe:
407 1926 456 1983 Qui
476 1928 677 1984 31111111133011011
696 1943 832 1974 sermonem
904 1918 910 1984 ξ

54 1999 207 2046 serbaberint
219 2004 398 2055 consequentur
409 1999 512 2055 gloriam
522 1999 657 2056 spirituum
666 2000 775 2046 filiorum
785 2000 831 2046 dei.

85 2071 275 2128 Responderunt
297 2071 413 2128 diseipuli
433 2071 533 2117 seribis:
556 2070 605 2126 Qui
625 2072 731 2129 spiritus
751 2071 830 2118 saneti
909 2093 910 2096 ¹

53 2141 187 2188 sermonem
202 2143 355 2188 serbaberint
368 2143 428 2188 30011
443 2148 516 2189 erunt
529 2158 575 2200 per
588 2144 705 2200 spiritum
717 2149 831 2190 sanetum

55 2214 130 2270 glorie
144 2214 278 2271 spirituum
290 2215 369 2272 1101113
383 2220 406 2260 01
420 2215 497 2271 glorie
509 2215 612 2272 spiritus
626 2215 704 2260 saneti
718 2221 742 2262 et
755 2215 831 2271 glorie
903 2207 910 2226 ψ

54 2286 99 2332 filii
109 2286 156 2331 dei.

84 2356 275 2414 Responderunt
294 2356 384 2402 seribe:
406 2355 454 2412 Qui
473 2357 578 2414 spiritus
597 2358 676 2404 saneti
695 2372 830 2404 sermonem

52 2429 205 2475 serbaberiut
217 2428 277 2474 sooii
292 2433 366 2474 erunt
381 2428 458 2484 glorie
470 2429 606 2486 spirituum
620 2430 700 2487 putris
715 2435 739 2477 et
752 2430 830 2487 glorie
908 2459 909 2463 =

52 2500 156 2557 spiritus
167 2500 247 2545 saneti
258 2505 283 2545 et
294 2500 369 2556 glorie
380 2499 426 2546 filii
437 2499 483 2545 dei.
904 2549 907 2551 ,

83 2572 118 2617 Et
130 2570 246 2628 discipuli
261 2571 378 2617 dixerunt
389 2571 488 2617 soribis:
502 2572 609 2629 Propter
622 2574 687 2630 quod
699 2573 829 2631 spiritibus

51 2644 178 2689 hominum
188 2657 239 2688 non
249 2642 332 2688 sinitis
343 2647 373 2689 ut
384 2643 578 2700 euangelizemus
585 2644 689 2700 gloriam
694 2644 829 2702 spirituum
901 2636 909 2707 ζ

51 2716 130 2773 patris
143 2720 167 2761 et
178 2713 283 2785 glorium
293 2714 397 2770 spiritus
407 2715 487 2760 saneti
499 2720 524 2761 et
535 2716 639 2772 gloriam
649 2716 696 2762 filii
708 2717 754 2763 dei.
