1819 2972
46 174 77 219 20
272 183 363 223 ACTUS
376 182 603 222 DISCIPULORUM.
688 183 777 229 [CHAP.
787 182 828 222 XI.

78 312 114 358 Ut
127 312 232 370 spiritus
243 313 372 357 hominum
384 312 541 358 salbarentur
553 313 583 358 ab
598 311 728 369 spiritibus
741 311 825 368 malig-

48 385 87 430 nis
101 400 147 442 per
160 385 263 442 spiritus
278 385 357 431 saneti
372 399 508 431 sermonem
522 400 595 441 quem
608 383 738 441 spiritibus
751 382 827 429 homi-

49 472 110 502 num
122 457 329 514 euangelizabant.

80 530 115 576 nt
126 545 173 587 pro
183 519 286 586 gloriam
291 529 428 587 spirituum
434 530 514 586 patris
525 534 550 576 et
560 544 607 587 pro
613 529 717 585 gloriam
723 528 826 586 spiritus

50 603 129 648 saneti
143 607 167 648 et
178 616 223 659 pro
236 602 341 659 gloriam
351 601 398 647 filii
410 602 450 648 dei
463 601 578 659 diseipuli
591 602 695 659 ingressi
708 606 766 648 sunt
778 601 828 646 ihe-

51 675 158 720 rusalem
168 679 198 720 111
209 674 338 731 spiritibus
350 675 477 720 hominum
490 674 687 731 euangelizarent
699 688 743 732 per
756 672 828 730 spiri-

50 751 105 792 tum
118 752 230 793 sanetum
242 746 348 803 gloriam
361 747 495 804 spirituum
508 747 587 804 patris
602 752 627 794 et
639 747 743 804 gloriam
755 745 828 804 spiri-

51 823 94 864 tus
103 818 181 864 saneti
191 824 218 864 et
228 819 332 875 gloriam
342 818 388 864 filii
401 820 452 865 dei:

81 890 115 937 Ut
129 891 234 948 spiritus
245 891 373 936 bominum
387 892 543 937 salbarentur
556 892 586 937 ab
600 891 729 949 spiritibus
743 889 828 948 malig-

50 963 90 1008 nis
104 969 128 1009 et
142 968 349 1020 consequerentur
363 963 466 1020 gloriam
479 964 614 1020 spirituum
627 963 735 1009 filiorum
751 962 796 1008 dei.

83 1036 117 1081 Et
137 1050 192 1080 eum
206 1032 411 1092 veuangelizarent
430 1035 559 1094 spiritibus
578 1035 705 1081 bominum
726 1034 829 1093 gloriam

52 1107 187 1164 spirituum
196 1108 275 1165 patris
285 1113 310 1154 et
320 1108 424 1165 gloriam
434 1108 537 1164 spiritus
547 1108 626 1154 saneti
637 1114 661 1154 et
671 1107 775 1164 gloriam
783 1106 830 1152 filii

53 1180 92 1225 dei
109 1194 153 1237 per
169 1180 286 1237 spiritum
302 1185 427 1226 sanetum:
444 1180 564 1226 uiderunt
580 1181 699 1237 quasdam
716 1179 830 1226 mulieres

53 1266 100 1308 que
110 1252 281 1308 glorifioabant
290 1252 425 1309 spirituum
434 1258 532 1309 patrem
542 1257 565 1298 et
577 1252 746 1309 glorifieabant
758 1251 830 1309 spiri-

52 1329 107 1370 tum
118 1329 230 1369 sanetum
242 1329 266 1370 et
279 1324 448 1381 glorifieabant
460 1324 597 1370 filiumdei.

84 1395 119 1441 Et
138 1395 256 1453 discipuli
276 1395 505 1452 interrogaberunt:
528 1395 691 1451 Quamobrem
712 1394 831 1452 glorifiea-

52 1468 113 1514 bant
124 1467 259 1525 spirituum
268 1473 365 1526 patrem
376 1473 400 1514 et
408 1468 580 1525 glorificabant
590 1468 708 1526 spiritum
718 1473 831 1514 sanetum

54 1544 77 1585 et
92 1540 262 1596 glorifieabant
273 1540 354 1585 fflium
367 1540 413 1585 dei.

85 1611 287 1667 Responderunt:
304 1611 368 1667 Quia
384 1613 483 1658 domina
497 1618 582 1658 nostra
596 1627 643 1670 que
658 1611 832 1657 infirmabatur

56 1689 142 1729 sanata
154 1689 196 1730 est.

86 1755 275 1813 Responderunt
289 1755 417 1813 diseipuli:
432 1755 556 1811 Quomodo
569 1762 655 1803 sanata
668 1756 725 1802 iuit.

86 1827 277 1884 Responderunt
288 1828 414 1874 mulieres:
427 1828 475 1873 Per
486 1829 590 1886 spiritus
600 1829 679 1875 saneti
690 1843 831 1874 sermonem.
908 1822 910 1832 *

86 1899 278 1956 Responderunt
290 1900 416 1956 discipuli:
431 1899 557 1955 Quomodo
567 1906 655 1946 sanata
665 1901 716 1947 11111
728 1916 773 1959 per
784 1898 833 1957 spi-

55 1971 120 2017 ritus
131 1972 210 2017 saneti
222 1986 364 2017 sermonem.

86 2042 277 2099 Responderunt
288 2044 414 2089 mulieres:
426 2043 466 2089 Ab
479 2044 623 2089 infirmitate
636 2059 710 2101 quam
720 2044 832 2090 habebat.
906 2054 907 2058 ’

87 2110 279 2169 Responderunt
294 2113 422 2170 diseipuli:
440 2113 565 2168 Quomodo
581 2119 669 2160 sanata
685 2113 735 2160 fuit
752 2113 782 2159 ab
798 2112 835 2179 m:
906 2104 909 2155 ἶ

54 2184 179 2230 firmitate,

87 2253 277 2310 Responderunt
289 2253 415 2298 mulieres:
429 2252 477 2297 Per
491 2253 597 2309 gratiam
609 2251 713 2310 spiritus
725 2251 811 2298 saneti.
905 2298 909 2315 ,ι

87 2322 278 2379 Responderunt
302 2321 430 2378 discipuli:
456 2321 580 2377 Quomodo
605 2328 691 2368 sanata
715 2320 765 2367 fuit
789 2334 834 2377 per
904 2334 908 2378 g

57 2395 164 2452 gratiam
177 2394 281 2451 spiritus
292 2393 379 2438 saneti.

87 2464 278 2521 Responderunt
288 2461 415 2507 mulieres:
430 2460 522 2506 Sanata
535 2460 585 2506 tuit
598 2460 720 2506 eredendo
731 2458 834 2515 spiritus

57 2533 136 2579 saneti
149 2532 261 2578 sermoni.
901 2528 910 2578 J

88 2602 279 2658 Responderunt
303 2598 430 2656 diseipuli:
456 2598 581 2654 Quomodo
604 2596 710 2644 eredidit
732 2596 835 2654 spiritus

58 2671 137 2717 saneti
149 2670 262 2716 sermoni.
900 2669 908 2724 j

89 2740 279 2795 Responderunt
291 2738 417 2783 mulieres:
431 2736 480 2781 Per
492 2736 598 2792 gratiam
611 2736 715 2793 spiritus
727 2735 813 2782 saneti.
