1819 2972
279 131 371 171 Acriis
384 129 610 170 urscrruronum.
812 115 839 164 ιιι

56 261 170 316 detentas,
190 259 335 317 praesertim
356 273 411 304 eum
430 258 521 315 quique
541 256 630 303 codicis
648 256 728 302 nostri
747 268 833 301 uersus

55 335 144 392 inoipit
158 349 214 380 oum
225 335 311 380 littera
323 334 406 392 paullo
419 333 507 379 maiori
520 333 607 379 eeteris
620 337 644 379 et
657 332 712 377 ideo
726 329 833 377 faciliori

55 411 81 455 in
95 411 236 466 detegendo.

86 484 227 542 Speeimina
245 488 328 530 textus
345 484 442 540 antiqui
459 483 534 529 huius
551 499 564 529 e
582 483 663 528 eodiee
681 482 800 539 rescripto
819 495 833 526 a

53 560 123 606 nobis
145 564 235 617 parata
257 560 409 605 excutiebant
434 558 461 604 G.
484 558 512 603 P.
535 558 644 604 Putnam
667 556 734 613 Filii,
757 556 833 601 Noui-

54 635 159 680 Eboraoi
178 649 243 680 anno
260 634 320 679 1917
337 649 418 680 mense
435 633 534 689 Martio,
551 635 594 679 sed
612 647 665 679 eeee
681 637 790 678 uentura
805 631 833 676 in

53 712 132 757 luoem
153 710 202 756 diei
223 724 268 767 per
288 709 411 755 inuidiam
431 710 587 765 quonmdam
608 708 736 754 hominum
757 706 831 753 editio

52 790 137 831 nostra
152 790 206 831 tota
221 800 353 842 suppressa
369 785 426 830 fuit.
461 784 568 830 Sehedas
585 783 699 830 editionis
717 798 746 828 ex
761 781 831 839 prelo

52 861 164 918 primum=
175 860 302 906 uenientes
317 874 377 916 quas
392 859 519 905 nobiseum
532 860 688 915 habebamus,
704 859 831 914 haudqua-

52 950 126 991 quam
138 934 264 992 expolitas,
277 935 361 980 statim
373 935 401 979 in
411 935 529 991 Angliam
540 934 652 980 misimus
663 935 707 979 ubi
719 933 791 979 hodie
803 932 831 976 in

51 1010 135 1056 Museo
147 1010 293 1057 Britannieo
305 1010 414 1055 inueniri
426 1013 536 1066 possunt.
569 1009 664 1054 Eodem
676 1014 785 1066 tempore
799 1009 829 1054 ab

51 1086 141 1131 eisdem
147 1085 287 1131 hominibus
298 1085 373 1130 oodex
383 1084 518 1142 reseriptus
530 1099 542 1130 e
553 1084 667 1129 manibus
676 1084 767 1129 nostris
778 1083 829 1128 fuit

50 1160 102 1205 sine
115 1174 188 1206 eausa
200 1165 306 1217 ereptus

82 1233 203 1280 Notitiam
210 1234 300 1279 eodieis
308 1235 387 1279 nostri
398 1233 513 1290 rescripti
520 1233 712 1290 Tarragonensis
719 1234 828 1289 primum

48 1309 136 1355 habuit
153 1307 307 1355 Bibliotheca
325 1308 402 1354 stara
421 1310 451 1354 de
472 1307 573 1354 Oberiin
592 1308 620 1353 in
640 1307 703 1354 Ohio
722 1310 751 1354 ab
771 1309 826 1354 uiro

49 1384 182 1429 clarissimo
191 1383 218 1429 G.
226 1383 363 1439 F.Wright
376 1384 449 1439 edita,
462 1398 526 1429 anno
539 1383 599 1427 1911
612 1399 693 1429 mense
706 1382 826 1428 ianuarii.

50 1458 236 1504 Sommendauit
248 1473 329 1515 nuper
342 1462 468 1514 repertum
480 1462 576 1504 textum
589 1459 615 1503 in
627 1459 710 1505 iibeilo
722 1458 827 1515 Suppes-

48 1533 112 1578 iions
126 1534 167 1590 for
184 1548 216 1578 uo
231 1533 374 1590 quuiriup
388 1533 468 1589 Minci,
484 1533 666 1578 Noui-Eboraci
683 1548 749 1581 anno
765 1534 825 1578 1918

47 1622 128 1654 mense
140 1607 231 1653 Martio
245 1608 317 1664 edito,
332 1607 423 1653 amiens
437 1613 460 1653 et
474 1608 656 1665 condiscipulus
669 1614 752 1654 noster
766 1608 826 1653 Ber-

46 1683 111 1728 nard
122 1683 151 1727 E.
164 1681 267 1728 Seriuen
278 1682 446 1728 Amerioanus.

77 1757 197 1802 Doetrina
215 1757 357 1813 euangelica
375 1771 449 1813 quam
468 1757 576 1803 eontinet
596 1759 671 1803 codex
690 1758 824 1814 reseriptus

45 1836 128 1878 noster
142 1847 193 1877 non
208 1837 261 1889 eget
275 1832 414 1878 testimonio
431 1832 461 1877 ab
475 1832 622 1889 hominibus,
638 1847 695 1879 nam
709 1834 783 1880 habet
797 1834 825 1878 in

3 1945 5 1948 ,
45 1921 70 1952 se
87 1907 254 1952 testimonium
271 1922 343 1952 suum
360 1912 384 1953 et
401 1922 447 1963 pro
464 1922 488 1952 se
506 1908 627 1964 loquetur.
660 1908 823 1965 Enangeiizat

45 1983 149 2027 satutem
164 1981 299 2039 spirituum
313 1982 441 2027 hominum
457 1983 486 2027 ab
503 1982 631 2039 spiritibus
648 1984 763 2039 malignis
778 1999 823 2041 per

47 2055 157 2114 Spiritus
173 2055 258 2102 Sancti
271 2071 406 2103 sermonem
419 2057 531 2103 lucidum
544 2057 727 2115 simplieemque
742 2058 825 2104 Domi-

43 2131 839 2189 nus*ihesus”ipsomepirteurretinereffffstnetffeptrteteesausa
860 2162 863 2167 -

44 2207 165 2254 dientium
185 2208 225 2253 uei
247 2206 381 2264 legentium
403 2207 508 2263 gratiam
531 2208 605 2253 dante
625 2213 654 2253 ut
676 2213 822 2270 cognoscant

43 2282 171 2329 fortiorem
189 2298 262 2339 quam
281 2283 364 2328 odium
382 2282 489 2328 Satanae
508 2298 557 2329 esse
577 2284 731 2330 dilectionem
748 2284 820 2342 spiri-

44 2365 117 2405 tuum
127 2358 212 2405 Patris
222 2363 246 2405 et
258 2357 369 2416 Spiritus
380 2356 465 2405 Sancti
478 2363 502 2405 et
512 2358 573 2404 Filii
583 2358 631 2405 Dei
643 2364 758 2406 eternam.

74 2433 123 2489 Qui
147 2434 221 2480 habet
244 2433 382 2491 spiritalem
407 2448 492 2479 aurem
515 2434 601 2481 audiat
626 2435 686 2491 quid
711 2434 820 2493 Spiritus

43 2507 149 2555 Sanetus
160 2509 289 2565 spiritibus
301 2509 428 2554 hominum
441 2510 558 2565 loquitur.

103 2594 226 2650 hennom,

166 2684 187 2715 a.
200 2671 222 2716 d.
234 2669 278 2715 xiu
288 2669 344 2716 Kal.
357 2670 427 2728 Nou,
440 2671 500 2716 1918
