1912 2987
94 165 124 210 28
320 173 412 213 ACTUS
425 172 652 213 DISCIPULORUM.
719 172 808 219 [CHAP.
817 172 877 211 XIV.

128 301 291 358 Quamobrem
310 301 446 359 spirituum
466 306 538 359 pater
559 306 583 348 et
604 301 708 359 spiritus
728 305 828 348 sanetus
849 304 874 347 et

96 372 162 418 filius
176 372 215 419 dei
227 387 277 417 non
291 371 445 418 interfieiunt
458 371 589 417 diabolum.

127 440 318 498 Responderunt
331 440 459 497 discipuli:
472 439 591 486 Diabolus
606 445 703 486 oreatus
716 445 753 486 est
765 454 812 497 pro
825 439 874 496 glo-

96 510 160 555 riam
175 510 309 568 spirituum
323 510 402 566 patris
419 514 443 556 et
457 524 503 566 pro
519 509 623 566 gloriam
637 509 740 567 spiritus
756 509 835 555 001011
851 511 875 554 01

97 594 142 635 pro
156 579 259 636 gloriam
270 578 317 624 filii
330 578 376 624 dei.

128 648 264 705 Respondit
281 648 365 692 homo:
385 646 511 702 Quomodo
530 646 641 693 diabolus
659 651 756 693 oreatus
775 651 811 693 est
827 660 873 703 pro

97 717 200 773 gloriani
214 717 349 774 spirituum
362 716 442 773 patris
458 721 481 761 et
497 731 542 774 pro
558 715 663 773 gloriam
677 716 780 773 spiritus
794 714 874 761 saneti

97 792 121 832 01
135 801 181 842 pro
194 785 297 842 gloriam
310 785 356 830 filii
372 785 418 830 dei.

127 854 318 911 Responderunt
337 853 465 910 discipuli:
485 853 605 899 Diabolus
623 853 728 910 spiritus
746 853 874 898 hominum

96 938 198 979 querere
212 923 318 978 gratiam
332 922 437 979 spiritus
450 923 529 968 001011
544 922 612 968 10011.

126 991 263 1047 Respondit
274 992 357 1036 homo:
371 989 497 1046 Quomodo
509 991 621 1036 diabolus
632 990 736 1048 spiritus
747 990 874 1035 hominum

96 1074 197 1116 querere
214 1060 320 1116 gratiam
337 1060 441 1116 spiritus
456 1060 536 1105 saneti
553 1059 621 1105 taoit.

128 1129 318 1185 Responderunt
338 1127 467 1185 discipuli:
487 1127 606 1174 Diabolus
625 1128 729 1185 spiritus
747 1127 875 1173 hominum

96 1212 198 1253 querere
214 1197 320 1253 gratiam
335 1196 440 1253 spiritus
456 1197 534 1242 saneti
550 1197 613 1251 10011
628 1195 755 1252 affligendo
770 1196 873 1253 spiritus

94 1266 227 1310 hominum.

126 1333 262 1390 Respondit
274 1334 357 1379 homo:
371 1332 497 1388 Quomodo
508 1333 619 1379 diabolus
631 1333 734 1390 spiritus
746 1333 873 1378 hominurn

95 1401 186 1457 affligit.

126 1470 316 1527 Responderunt
329 1470 457 1527 diseipuli:
470 1470 519 1516 Per
530 1470 633 1526 spiritus
645 1470 771 1526 malignos.

126 1539 263 1596 Respondit
279 1540 364 1585 bomo:
384 1538 510 1595 Quomodo
527 1539 630 1597 spiritus
648 1538 751 1596 maligni
769 1538 872 1596 spiritus

94 1609 221 1655 hominum
234 1607 351 1666 affligunt.

125 1679 316 1737 Responderunt
330 1678 459 1736 diseipuli:
474 1676 583 1736 Spiritus
597 1678 699 1736 maligni
714 1678 818 1736 spiritus
831 1678 872 1724 110-

94 1749 189 1794 minum
202 1748 330 1806 spiritibus
343 1748 434 1794 serbire
446 1748 562 1805 malignis
574 1748 678 1795 faoiunt.

126 1817 263 1875 Respondit
280 1818 364 1863 bomo:
384 1816 510 1872 Quomodo
526 1817 631 1875 spiritus
649 1810 752 1874 maligni
769 1817 872 1876 spiritus

94 1887 221 1933 hominum
235 1886 364 1944 spiritibus
379 1886 470 1932 serbire
484 1887 600 1944 malignis
614 1887 718 1933 iaeiunt.

125 1956 316 2014 Responderunt
330 1955 458 2013 discipuli:
474 1953 585 2012 Spiritus
597 1956 700 2012 maligni
713 1956 872 2015 10011111ορ1-

95 2026 297 2071 11111011011111111
308 2040 410 2081 querere
421 2025 525 2081 gloriam
536 2039 612 2071 suam.

125 2094 262 2152 Respondit
278 2095 361 2139 bomo:
380 2093 543 2149 Quamobrem
559 2093 664 2151 spiritus
679 2095 806 2141 hominum
823 2096 872 2152 glo-

94 2164 157 2209 riam
169 2178 239 2210 suam
251 2167 366 2219 querunt.

125 2235 315 2293 Responderunt
330 2234 458 2291 discipuli:
473 2234 521 2279 Per
535 2235 640 2292 spiritus
653 2235 779 2293 malignos.
955 2282 956 2300 ἶ

126 2304 263 2361 Respondit
273 2305 357 2349 nomo:
370 2303 477 2361 Propter
490 2305 556 2360 quod
569 2303 671 2361 spiritus
684 2305 873 2361 hominum'glo-
953 2303 956 2344 ἔ

95 2374 159 2419 riam
171 2388 241 2419 suam
254 2377 368 2429 querunt.

125 2442 316 2499 Responderunt
329 2441 457 2497 disoipuli:
471 2441 577 2499 Propter
591 2442 695 2499 gloriam
706 2444 839 2489 hominum.

125 2511 262 2569 Respondit
278 2511 362 2556 homo:
381 2509 477 2565 Quibus
494 2511 523 2556 ab
539 2509 680 2558 hominibus
696 2511 800 2568 gloriam
817 2526 873 2569 que-

94 2588 161 2628 runt

125 2654 316 2714 Responderunt
330 2649 460 2708 discipuli:
475 2650 515 2696 Ab
531 2651 670 2699 hominibus
685 2654 728 2710 qui
743 2652 872 2711 spiritibus
947 2650 948 2653 ’

94 2733 206 2785 serbiunt
217 2722 339 2780 malignis.
941 2723 943 2726 ’
