1819 2972
55 156 213 203 CHAP.XIV.]
281 156 373 196 ACTUS
386 154 612 195 DISCIPULORUM.
806 144 836 189 27

87 284 277 341 Responderunt
298 282 426 341 discipuli:
449 282 533 329 Gloria
553 280 689 339 spirituum
709 281 789 338 patris
810 283 833 325 et

56 355 134 411 gloria
146 354 249 410 spiritus
260 355 338 400 saneti
351 358 376 399 et
386 353 465 410 gloria
476 351 523 397 filii
535 351 574 398 dei
586 356 622 397 est
632 351 660 396 in
672 351 728 397 oelo.

87 423 224 480 Respondit
234 423 318 468 homo:
330 422 379 469 Ubi
390 427 426 468 est
439 421 524 467 oelum.

87 492 278 549 Responderunt
298 492 426 549 discipuli:
449 490 535 537 Celum
555 494 591 537 est
612 491 680 547 apud
699 489 834 547 spirituum

56 566 159 619 patrem.

87 631 224 688 Respondit
235 630 318 675 bomo:
331 630 381 676 Ubi
394 634 430 676 est
442 629 578 687 spirituum
591 631 669 685 pater.

0 694 5 768 2
86 700 276 756 Responderunt
289 699 417 757 discipuli:
430 697 572 754 Spirituum
583 702 655 755 pater
667 702 704 744 est
716 698 742 743 in
755 697 833 754 gloria

55 770 191 826 spirituum
203 768 282 826 patris
297 774 320 815 et
334 770 361 814 in
375 768 453 830 gloria
466 767 571 824 spiritus
584 767 663 813 saneti
677 767 742 814 etin
755 765 833 824 gloria

0 830 4 900 ’ξ
55 838 102 885 filii
115 838 160 884 dei.
792 842 794 844 ’

87 907 224 963 Respondit
233 907 317 952 homo:
329 906 454 962 Quomodo
463 906 508 951 heo
518 905 592 952 scitis.

4 979 6 981 ’
87 976 278 1033 Responderunt
289 975 416 1033 discipuli:
429 975 478 1020 Per
488 975 592 1032 spiritus
603 974 682 1021 saneti
692 987 833 1020 sermonem.

5 1078 6 1081 η
86 1045 223 1101 Respondit
238 1046 322 1090 homo:
341 1044 467 1099 Quomodo
483 1044 587 1101 spiritus
603 1044 682 1090 saneti
698 1057 833 1089 sermonem

56 1115 130 1160 soitis.

86 1183 276 1240 Responderunt
293 1182 420 1238 discipuli:
437 1182 487 1228 Per
501 1197 637 1228 sermonem
652 1197 725 1239 quem
740 1181 833 1239 spiriti-

55 1253 100 1298 bus
111 1252 239 1297 hominum
248 1267 293 1308 per
303 1252 420 1309 spiritum
429 1256 543 1298 sanetum
554 1251 667 1298 dominus
677 1252 758 1297 ihesus
768 1253 833 1298 loou-

55 1327 96 1367 tus
108 1326 144 1367 est
155 1326 185 1367 ut
195 1321 352 1367 salbarentur
363 1321 393 1366 ab
405 1320 535 1378 spiritibus
545 1320 660 1377 malignis
673 1320 716 1377 qui
727 1321 833 1366 hodiunt

55 1391 159 1447 spiritus
171 1390 299 1436 hominum
311 1404 371 1446 quos
383 1390 518 1446 spirituum
530 1395 602 1447 pater
612 1395 639 1436 et
650 1385 833 1448 spiritus'sano-

55 1464 96 1505 tus
109 1463 133 1505 et
144 1459 211 1504 filius
223 1458 262 1505 dei
274 1459 390 1515 diligunt.

86 1527 223 1584 Respondit
232 1527 316 1572 homo:
328 1526 491 1583 Quamobrem
500 1527 603 1585 spiritus
614 1528 717 1584 maligni
726 1527 832 1574 hodiunt

55 1596 302 1654 spiritushominum.
354 1643 356 1646 ,

86 1665 276 1720 Responderunt
288 1664 416 1722 diseipuli:
431 1664 540 1722 Spiritus
552 1665 654 1721 maligni
666 1665 772 1713 liodiunt
784 1666 832 1723 spi-

55 1735 120 1780 ritus
136 1734 264 1779 hominum
281 1734 340 1790 quia
357 1734 464 1780 hodiunt
480 1734 617 1791 spirituum
634 1740 731 1791 patrem
750 1741 773 1781 et
791 1737 832 1780 ho-

55 1803 128 1849 diunt
140 1802 257 1859 spiritum
268 1807 381 1848 sanetum
392 1808 416 1848 et
426 1802 534 1849 hodiunt
545 1803 625 1848 filium
637 1804 683 1849 dei.

86 1871 223 1928 Respondit
232 1871 316 1916 bomo:
328 1870 491 1926 Quamobrem
501 1872 604 1928 spiritus
613 1873 717 1929 maligni
727 1872 833 1919 hodiunt

20 1987 22 1990 ,
55 1941 190 1998 spirituum
206 1944 304 1998 patrem
321 1946 346 1986 et
362 1940 468 1987 hodiunt
485 1941 603 1997 spiritum
620 1947 733 1988 sanetum
750 1947 774 1988 et
792 1943 832 1987 ho-

8 2054 9 2057 ,
55 2010 129 2055 diunt
141 2009 221 2054 filium
232 2009 280 2054 dei.

8 2134 9 2137 Ἴ
85 2077 276 2134 Responderunt
297 2077 425 2134 disoipuli:
450 2077 513 2133 Quia
535 2078 645 2134 diligunt
665 2078 769 2137 spiritus
790 2081 832 2125 ho-

0 2158 1 2187 1
54 2161 155 2193 mmum.
791 2166 793 2169 >

8 2220 9 2227 ¹
84 2215 221 2270 Respondit
233 2214 317 2261 homo:
333 2214 497 2270 Quamobrem
510 2216 646 2273 spirituum
658 2221 730 2273 pater
745 2223 769 2264 et
783 2216 832 2275 spi-

55 2285 119 2330 ritus
135 2288 234 2330 sanetus
251 2288 275 2329 et
289 2283 357 2330 filius
374 2284 413 2329 dei
428 2299 479 2330 non
495 2284 649 2332 interfioiunt
664 2286 767 2343 spiritus
784 2281 832 2332 ma-

7 2380 10 2388 *
53 2353 140 2410 lignos.

9 2432 11 2476 ζ
85 2422 275 2478 Responderunt
282 2422 410 2478 disoipuli:
425 2421 535 2479 Spiritus
542 2422 644 2479 maligni
656 2429 715 2470 sunt
728 2425 831 2482 spiritus

3 2501 11 2508 “’
53 2491 181 2537 hominum
200 2490 244 2547 qui
262 2490 376 2536 serbiunt
395 2491 495 2536 inimico
515 2493 558 2548 qui
577 2493 649 2539 hodit
668 2493 772 2551 spiritus
791 2495 831 2538 ho-

124 2574 154 2604 m.

3 2601 12 2652 l
53 2575 221 2684 mlldblspondit
234 2627 318 2673 homo:
333 2627 496 2683 Quamobrem
510 2629 646 2685 spirituum
658 2634 731 2687 pater
744 2636 768 2677 et
783 2628 831 2687 spi-

53 2697 117 2743 ritus
129 2701 229 2742 sanetus
242 2701 265 2741 et
276 2696 343 2742 filius
356 2697 395 2741 dei
406 2712 457 2742 non
468 2698 622 2744 interficiunt
634 2699 767 2744 inimioum.

10 2781 12 2809 1
84 2765 275 2822 Responderunt
288 2764 416 2821 diseipuli:
430 2765 549 2812 lnimious
561 2771 598 2813 est
608 2767 728 2820 diabolus.
