1819 2972
57 196 88 239 24
282 205 374 245 serus
387 205 613 245 ntscirononun.
685 206 774 252 [enar.
787 206 839 245 ini.

58 332 122 378 ritus
136 333 215 379 sancti
229 339 254 380 et
266 348 311 390 pro
325 333 429 390 gloriam
441 333 488 379 filii
502 333 542 380 dei
556 334 671 392 discipuli
686 333 837 392 euangelias·-

58 402 118 449 bant
132 403 262 460 spiritibus
275 402 402 448 hominum
415 417 460 460 per
474 403 591 460 spIritum
605 407 718 449 sanctum
732 403 836 462 gloriam

58 473 194 529 spirituum
211 472 290 530 patris
309 478 334 518 et
351 471 454 529 gloriam
472 472 575 530 spiritus
593 474 673 519 sancti
691 479 715 520 et
733 473 836 530 gloriam

58 542 104 587 filii
116 542 166 588 dei:

89 611 124 657 Ut
136 612 240 669 spiritus
253 611 380 657 hominum
394 612 551 657 saltarentur
564 612 594 658 ab
607 612 736 669 spiritibus
750 612 835 669 malig-

57 682 97 727 nis
111 696 156 738 per
170 680 272 738 spiritus
287 682 365 727 saneti
380 696 516 727 sermonem
530 695 603 737 quem
616 681 746 739 spiritibus
759 681 836 727 homi-

59 764 119 795 num
132 750 339 807 euangelizabant.

88 819 147 865 Post
160 820 204 865 heo
219 819 334 877 discipuli
348 820 452 876 ingressi
465 825 524 866 sunt
537 820 564 865 in
577 820 686 867 ihericho
700 825 729 867 ut
742 820 834 878 spiriti-

57 889 104 934 bus
115 889 242 934 *hominum
257 888 455 945 euangelizarent
469 889 644 947 perspiritum
658 894 771 936 sanctum
785 891 835 946 glo

57 959 121 1004 riam
134 958 268 1015 spirituum
282 958 362 1015 patris
378 963 402 1005 et
416 958 520 1015 gloriam
533 958 637 1015 spiritus
651 959 731 1005 sancti
745 965 771 1005 et
785 961 835 1016 glo-

58 1027 121 1073 riam
131 1028 177 1072 filii
188 1027 240 1073 dei:

87 1096 121 1143 Ut
135 1097 238 1154 spiritus
251 1097 379 1142 hominum
393 1097 548 1143 saltarentur
562 1097 592 1143 ab
605 1097 737 1154 spiritibus
749 1097 833 1157 malig-

56 1167 94 1211 nis
109 1167 151 1223 qui
165 1167 271 1212 hodiunt
284 1167 389 1223 spiritus
401 1167 527 1212 hominum
541 1181 601 1223 quos
614 1166 749 1224 spirituum
762 1172 834 1225 pater

57 1241 80 1282 et
92 1236 195 1293 spiritus
207 1240 306 1281 sanctus
319 1240 342 1282 et
353 1235 419 1282 filius
433 1236 471 1282 dei
484 1235 599 1292 diligunt.

86 1305 121 1350 Et
134 1305 235 1361 quidam
245 1306 317 1350 homo
330 1305 373 1361 qui
384 1305 489 1351 habebat
501 1304 581 1350 filium
592 1305 731 1350 lunaticum
743 1304 832 1362 glorifi-

56 1375 127 1420 cabat
137 1374 273 1431 spirituum
283 1378 380 1431 patrem
392 1379 417 1419 et
428 1374 581 1430 glorificabat
592 1375 709 1431 spiritum
721 1379 833 1420 sanctum

55 1448 78 1489 et
91 1443 244 1499 glorificabat
254 1443 334 1488 filium
345 1442 391 1488 dei.

85 1512 301 1569 Interrogantibus
326 1511 466 1568 discipulis:
492 1511 655 1567 Quamobrem
680 1511 832 1569 glorificabat

54 1582 189 1639 spirituum
207 1586 304 1639 patrem
324 1587 348 1627 et
366 1581 520 1637 glorificabat
539 1581 657 1639 spiritum
676 1588 788 1632 sanctum
808 1585 832 1628 et

55 1650 207 1707 glorificabat
218 1650 299 1695 filium
311 1651 363 1696 dei:

85 1719 233 1777 Respondit:
248 1719 362 1767 Glorifico
374 1719 508 1776 spirituum
518 1724 615 1777 patrem
627 1725 651 1766 et
663 1719 772 1776 glorifico
783 1719 831 1776 spi-

55 1789 132 1835 ritum
144 1794 256 1834 sanetum
269 1794 292 1835 et
305 1788 413 1846 glorifico
425 1789 505 1834 filium
517 1788 556 1835 dei
569 1789 627 1845 quia
638 1789 706 1835 filius
716 1803 785 1834 meus
797 1802 833 1834 sa-

53 1863 129 1904 natus
141 1864 183 1904 est.

83 1927 275 1984 Responderunt
288 1926 416 1983 discipuli:
432 1925 557 1982 Quomodo
570 1931 671 1973 sanatus
684 1927 741 1973 fuit.

83 1996 232 2053 Respondit:
245 1996 294 2040 Per
305 1996 408 2052 spiritus
421 1996 500 2041 saneti
512 2009 653 2041 sermonem.

83 2065 273 2121 Responderunt
295 2064 423 2121 discipuli:
446 2063 571 2119 Quomodo
591 2068 694 2110 sanatus
714 2063 764 2111 tuit
785 2079 831 2122 per
906 2040 910 2082 ἒ

52 2128 155 2185 spiritus
168 2128 247 2173 sancti
260 2142 400 2173 sermonem,

82 2197 231 2254 Respondit3
244 2196 293 2241 Per
306 2196 412 2253 gratiam
424 2196 529 2253 spiritus
540 2196 626 2242 sancti.
904 2238 907 2255 ,Α

82 2265 273 2322 Responderunt
293 2265 422 2322 discipuli:
444 2264 571 2320 Quomodo
590 2269 692 2311 sanatus
709 2260 764 2312 fuit
784 2280 829 2323 per
899 2304 901 2306 i

51 2335 157 2391 gratiam
168 2335 272 2391 spiritus
282 2335 368 2379 sancti.

81 2403 230 2460 Respondit:
245 2402 313 2449 Ante
325 2404 370 2448 hoc
382 2402 449 2449 filius
462 2417 530 2449 meus
543 2403 670 2449 lunaticus
682 2402 738 2448 tuit.

404 2533 472 2585 XIII

80 2630 111 2675 ln
127 2629 212 2675 diebus
227 2629 277 2674 illis
292 2629 390 2684 quando
407 2628 523 2686 discipuli
539 2606 740 2685 euangelizabamt
756 2628 827 2686 spiri·

49 2700 116 2746 tibus
128 2698 256 2744 hominum
269 2697 346 2743 scribe
361 2697 404 2754 qui
418 2697 556 2743 serbiebant
570 2697 700 2753 spiritibus
713 2697 827 2755 malignis

49 2769 178 2814 dixerunt:
191 2767 222 2811 ln
235 2781 285 2823 qua
296 2770 416 2824 potestate
428 2767 473 2812 hec
485 2766 575 2812 facitis.
896 2766 900 2779 ³
