1819 2972
61 174 78 220 ii
283 185 376 225 ACTUS
389 183 616 224 DISCIPULORUM.

61 312 242 369 manuscriptos
260 312 382 369 Uulgatae
401 311 503 358 editioni
522 311 717 357 contradicentes
734 312 840 367 111111-

61 387 219 443 primendum
231 389 387 445 quaerebant,
400 387 498 433 litterae
509 386 625 442 antiquae
638 386 750 432 chemicis
762 401 839 443 paene

62 463 202 508 destructae
209 463 307 508 omnino
315 462 462 519 effugerunt.
492 461 554 507 Cum
566 466 648 507 autem
659 462 754 507 saeculo
764 459 839 508 tertio

62 538 156 583 decimo
172 539 265 583 uellum
282 538 323 584 uel
340 542 527 596 pergamentum
543 538 585 582 uel
601 538 770 582 membranum
788 542 840 582 tam

61 614 145 669 magni
165 613 241 670 pretii
261 617 329 670 esset,
351 613 482 670 praecipue
504 612 525 658 si
546 612 651 658 formam
671 612 839 657 tenuissimam

61 688 130 733 illam
147 687 294 734 Africanam
311 703 385 745 quam
401 689 476 734 codex
493 692 576 734 noster
593 687 728 744 exhibebat,
746 686 840 733 ecclesi-

62 763 133 808 astici
151 764 252 819 quidam
269 768 362 809 mentes
379 764 495 809 habentes
514 763 625 819 frugales
641 763 758 809 nolebant
775 762 839 808 illud

65 839 190 884 destruere
204 839 248 884 sed
261 839 430 895 redintegrare
444 840 585 883 maluerunt
598 843 627 884 ut
640 838 790 894 scripturam
804 852 840 883 11

62 912 154 967 ciperet
166 914 297 958 secundam
308 912 432 969 Uulgatae
443 913 534 959 scilicet
547 912 731 958 conformatam.

95 986 157 1032 Cum
168 988 219 1032 sine
231 987 411 1033 intermissione
423 988 452 1033 ab
465 1002 528 1034 anno
541 987 601 1032 1896
613 1002 690 1043 usque
702 988 734 1033 ad
746 1000 839 1032 annum

62 1061 122 1105 1911
135 1061 162 1105 11
172 1066 242 1106 textu
253 1077 320 1106 sacro
332 1061 398 1106 Noui
409 1063 558 1108 Testamenti
569 1063 722 1108 restituendo
732 1062 838 1108 laboras-

61 1152 147 1193 semus,
159 1138 228 1183 11111
239 1153 284 1195 pro
297 1143 362 1183 certo
374 1142 837 1194 1111111111111111111,1111111111,

60 1227 110 1257 non
126 1227 176 1257 esse
190 1214 273 1269 ipsum
286 1212 444 1269 primitiuum
458 1214 500 1258 sed
515 1214 595 1257 locum
610 1217 692 1258 1111111
708 1212 774 1258 illius
791 1213 841 1268 dis-¹

61 1287 200 1343 cipulorum
207 1286 306 1332 Domini
314 1288 388 1332 ihesu
394 1287 517 1343 primitiui
531 1289 603 1344 plane
616 1301 744 1344 usurpare.
774 1286 838 1331 Nam

60 1362 129 1407 nobis
147 1367 202 1418 post
219 1361 396 1407 laborationem
413 1363 476 1407 hanc
494 1368 603 1408 nostram
621 1376 766 1419 persuasum
784 1367 837 1408 erat

59 1441 155 1481 textum
169 1436 325 1492 primitiuum
339 1437 410 1481 illum
423 1451 495 1492 quem
509 1438 684 1493 quaerebamus
700 1437 837 1483 doctrinam

60 1511 196 1566 spiritalem
216 1512 292 1556 sclam
312 1512 449 1568 oportuisse
470 1510 583 1557 exhibere
604 1517 627 1558 11
647 1516 793 1568 potestatem
813 1516 837 1556 et

60 1587 163 1643 gloriam
177 1588 223 1633 soli
238 1588 348 1633 tribuere
363 1586 421 1631 Deo.
454 1586 607 1632 Uerebamur
622 1590 704 1632 autem
720 1587 761 1632 illo
778 1590 836 1632 tem-

59 1676 118 1718 pore
131 1677 163 1706 ne
176 1667 258 1707 textus
271 1662 312 1707 ille
325 1661 469 1718 primitiuus
483 1667 581 1718 spretus
595 1662 624 1706 ab
639 1661 778 1707 hominibus
793 1661 835 1718 qui

58 1736 105 1781 sibi
124 1736 277 1782 confidebant
297 1742 322 1781 et
340 1741 430 1782 ceteros
449 1737 564 1782 uolebant
584 1737 715 1793 dominare,
737 1736 834 1782 omnino

60 1811 209 1867 deperiisset.

95 1886 244 1931 Iamdudum
254 1900 319 1931 anno
327 1886 388 1930 1914
395 1900 424 1930 ex
431 1886 560 1943 permultis
568 1886 742 1943 manuscriptis
751 1885 834 1932 latinis

59 1961 173 2018 perlectis
194 1966 218 2007 et
240 1961 385 2007 lectionibus
405 1962 527 2019 Uulgatae
551 1962 774 2009 contradicentibus
796 1962 835 2008 hic

58 2037 109 2082 illic
124 2037 231 2093 detectis,
246 2038 430 2094 predicebamus
443 2038 469 2081 in
482 2037 545 2082 libro
559 2043 642 2083 111111
656 2037 749 2083 Socred
760 2038 835 2082 Latin

59 2112 146 2157 Tecta:
158 2112 203 2158 No.
217 2113 261 2157 HI
275 2113 382 2158 indolem
396 2117 479 2158 111111
493 2112 616 2169 primitiui
631 2113 730 2170 perditi,
746 2128 795 2169 qua
809 2113 835 2158 in

58 2202 84 2233 11
98 2188 177 2233 tribus
189 2189 290 2244 posthac
303 2187 375 2233 annis
383 2188 491 2235 ‘detectio
502 2188 836 2234 litterarum*codicisnestri

57 2278 137 2320 paene
148 2263 309 2309 euanidarum
319 2278 363 2309 nos
374 2278 423 2308 non
436 2278 528 2310 errasse
541 2264 729 2309 demonstrabat.

62 2392 67 2393 ⁷
79 2338 266 2402 Π(111111111111
280 2339 471 2395 Tarragonensis
484 2339 619 2395 rescriptus
631 2339 691 2385 folia
704 2339 750 2384 432
763 2339 834 2384 hodie

57 2415 130 2461 habet
144 2421 168 2461 et
181 2403 389 2472 quaequepargina
395 2408 501 2461 1111111
506 2416 634 2461 columnas
642 2414 765 2461 scribendi
774 2415 834 2461 duas

58 2496 82 2536 et
96 2491 186 2547 cuique
202 2491 327 2537 columnae
342 2495 401 2537 sunt
415 2484 494 2536 lineae
509 2490 600 2547 uiginti
617 2493 686 2537 duae.
719 2482 834 2537 Breuitas
905 2490 908 2544 J

58 2568 165 2612 duarum
175 2566 298 2612 scribendi
309 2567 437 2622 linearum,
451 2581 512 2623 quae
525 2571 591 2612 arcte
602 2567 668 2612 inter
679 2573 834 2613 transuersas
883 2609 885 2611 .

56 2643 133 2688 lineas
144 2646 262 2698 quattuor
274 2642 437 2698 continentur,
449 2656 537 2698 magno
550 2641 641 2689 auxilio
652 2642 703 2689 fuit
714 2643 742 2688 in
751 2642 834 2689 uerbis

57 2718 200 2775 detegendis
206 2732 284 2775 paene
290 2716 457 2763 inuisibilibus
463 2722 518 2774 post
526 2717 622 2763 litteras
633 2732 709 2763 unam
720 2719 761 2765 uel
773 2719 833 2765 duas
