1819 2972
69 120 151 159 CHAP.
161 119 233 167 Villa
294 120 385 160 ACTUS
399 119 624 160 DISCIPULORUM.
821 110 850 156 13

101 248 291 306 Responderunt
310 248 401 296 scribe:
422 248 470 304 Qui
489 248 595 307 spiritus
613 248 693 294 saneti
713 261 847 294 sermonem

70 318 222 365 serbaberint
238 319 401 365 salbabuntur
417 320 448 365 ab
464 319 594 377 spiritibus
609 318 725 375 malignis
741 317 784 374 qui
799 317 848 375 spi-

5 410 7 412 *
69 388 134 433 ritus
145 387 274 433 ⁴hominum
286 389 391 445 gloriam
405 388 541 446 spirituum
554 387 663 433 filiorum
678 387 717 433 dei
732 400 847 444 spernere

70 457 173 503 faoiunt.

99 526 290 584 Responderunt
301 527 417 585 discipuli
425 526 525 573 scribis:
538 525 585 581 oui
595 526 700 584 spiritus
708 526 788 572 saneti
798 540 847 571 ser-

68 610 164 641 monem
181 596 335 643 serbaberint
352 597 516 643 salbabuntur
534 597 566 642 ab
583 596 713 654 spiritibus
731 595 846 652 malignis

68 665 111 721 qui
128 665 232 722 spiritus
247 666 374 712 hominum
390 665 494 723 gloriam
509 665 645 723 spirituum
660 665 740 723 patris
756 670 780 711 et
797 666 846 720 glo·

68 734 132 780 riam
142 734 247 791 spiritus
257 735 337 781 saneti
351 741 375 782 et
387 735 491 792 gloriam
502 735 548 780 filii
558 735 601 781 dei
613 749 728 793 spernere
742 733 845 779 faciunt.

99 805 290 864 Responderunt
308 805 398 851 seribe:
420 804 468 859 Qui
487 804 592 859 spiritus
611 804 690 850 saneti
711 816 846 849 sermonem

67 866 221 922 serbaberint
236 875 399 921 salbabuntur
415 875 445 920 ab
462 873 591 932 spiritibus
606 873 722 930 malignis
738 873 781 930 qui
796 873 846 930 spi-

68 948 132 994 ritus
143 947 271 993 hominum
283 947 387 1004 gloriam
399 946 534 1004 spirituum
547 947 628 1004 patris
643 950 666 992 et
680 946 784 1002 gloriam
797 945 846 1003 spi·

67 1019 132 1066 ritus
141 1020 221 1066 saneti
233 1024 258 1065 et
268 1019 372 1076 gloriam
381 1019 429 1064 -filii
440 1018 480 1064 dei
491 1033 606 1076 spernere
618 1018 722 1064 iaoiunt.

98 1091 288 1149 Responderunt
310 1091 426 1147 discipuli
447 1090 546 1136 scribis:
570 1089 618 1145 Qui
640 1090 744 1147 spiritus
766 1088 845 1135 saneti

67 1178 202 1210 sermonem
212 1163 365 1210 serbaberint
375 1163 538 1209 salbabuntur
548 1163 578 1209 ab
590 1162 719 1220 spiritibus
729 1161 845 1219 malignis

68 1236 110 1292 qui
123 1236 227 1291 spiritus
239 1236 366 1281 hominum
378 1235 498 1291 gaudium
510 1235 645 1292 spirituum
656 1235 737 1293 patris
749 1241 774 1281 et
787 1249 846 1292 gau-

67 1308 137 1353 dium
143 1307 248 1365 spiritus
253 1307 331 1353 saneti
340 1311 364 1352 et
371 1307 491 1363 gaudium
501 1307 547 1351 filii
560 1307 600 1352 dei
612 1321 726 1364 spernere
740 1306 844 1352 iaciunt.

97 1379 288 1437 Responderunt
305 1379 397 1425 seribe:
419 1378 468 1434 Qui
487 1378 590 1436 spiritus
610 1379 689 1424 saneti
708 1392 845 1424 sermonem

66 1451 218 1498 serbaberint
234 1452 397 1497 salbabuntur
412 1452 443 1497 ab
460 1451 589 1508 spiritibus
605 1451 721 1508 malignis
737 1452 780 1508 qui
795 1451 844 1509 spi-

66 1523 131 1570 ritus
147 1523 275 1569 hominum
292 1523 411 1580 gaudium
429 1523 564 1580 spirituum
583 1524 663 1580 patris
682 1529 706 1570 et
725 1523 844 1579 gaudium

66 1596 170 1652 spiritus
181 1594 260 1641 saneti
273 1600 297 1640 et
308 1594 428 1651 gaudium
438 1594 484 1640 filii
497 1595 536 1641 dei
548 1610 663 1651 spernere
676 1595 780 1641 iaciunt.

5 1704 20 1705 ἡ
97 1667 288 1724 Responderunt
298 1666 414 1723 diseipuli
424 1659 522 1712 soribis:
534 1666 582 1724 Qui
593 1667 696 1726 spiritus
705 1667 786 1713 saneti
794 1681 844 1712 ser-

64 1754 161 1784 monem
179 1738 331 1784 serbaberint
350 1739 513 1784 salbabuntur
530 1740 562 1784 ab
579 1739 710 1797 spiritibus
728 1740 843 1797 malignis

66 1811 108 1866 qui
122 1810 195 1867 spirit
196 1825 225 1855 us
185 1810 365 1856 thominum
379 1811 485 1891 gratiam
498 1811 602 1868 spiritus
613 1812 694 1892 saneti
707 1812 750 1868 qui
764 1812 843 1858 salbat

4 1934 20 1935 ἶ
64 1882 169 1940 spiritus
187 1882 339 1929 nominum
335 1883 396 1929 11311
385 1882 513 1941 1111111111
502 1883 650 1941 Smfflfflhgnis
669 1899 727 1942 sper
727 1899 785 1931 11116
806 1884 842 1930 fa-

9 1963 11 1966 ’
66 1956 141 2001 oiunt

95 2027 286 2084 Responderunt
305 2027 395 2072 scribe:
417 2026 465 2082 Qui
485 2028 590 2084 spiritus
609 2005 688 2074 saneti
704 2044 842 2090 ¹sermonem

64 2099 217 2154 serbaherint
231 2094 396 2162 salbatdntur
411 2100 441 2145 ab
458 2099 588 2156 spiritibus
604 2101 718 2158 malignis
735 2102 777 2158 qui
793 2102 843 2160 spi-

64 2172 127 2218 ritus
141 2172 268 2217 hominum
280 2172 387 2228 gratiam
400 2172 502 2228 spiritus
516 2173 595 2219 saneti
608 2189 723 2231 spernere
737 2173 841 2221 iaoiunt.
859 2211 861 2217 1

95 2244 285 2301 Responderunt
297 2243 412 2301 disoipuli
422 2244 521 2290 scribis:
532 2244 581 2300 Qui
591 2245 695 2302 spiritus
704 2247 841 2294 sanotiser-

63 2331 159 2361 monem
176 2314 330 2361 sorbeberint
347 2315 510 2361 salbabuntur
529 2318 559 2362 ab
579 2317 708 2373 spiritibus
726 2319 840 2376 malignis

63 2387 106 2443 qui
118 2387 222 2444 spiritus
233 2386 360 2432 hominum
373 2392 466 2433 creatos
478 2403 525 2445 pro
537 2388 641 2445 gloriam
653 2390 787 2447 spirituum
799 2406 841 2448 pa-

64 2460 109 2504 tris
120 2465 144 2504 et
154 2473 199 2516 pro
210 2458 314 2514 gloriam
322 2458 427 2515 spiritus
437 2460 516 2504 saneti
528 2466 552 2505 et
562 2475 608 2517 pro
618 2462 722 2516 gloriam
732 2463 778 2507 filii
789 2463 840 2509 dei:

64 2531 167 2587 gloriam
184 2530 319 2586 spirituum
336 2530 416 2587 patris
434 2536 459 2576 et
477 2530 581 2586 gloriam
598 2533 703 2590 spiritus
719 2535 798 2581 saneti
816 2539 840 2580 et

64 2603 167 2660 gloriam
177 2602 223 2647 filii
235 2602 275 2647 dei
286 2615 402 2659 spernere
415 2602 518 2647 iaoiunt.

93 2675 284 2731 Responderunt
303 2673 393 2718 scribe:
415 2673 463 2728 Qui
483 2675 587 2730 spiritus
607 2678 685 2723 saneti
705 2692 841 2724 sermonem
