1912 2987
71 127 154 165 CHAP.
163 126 253 173 XVHL]
297 127 389 167 ACTUS
401 126 627 166 DISCIPULORUM.
822 120 852 164 35

74 255 178 312 spiritus
189 256 268 302 saneti
281 260 304 302 et
316 270 363 312 pro
374 255 478 313 gloriam
489 255 535 300 filii
549 255 588 301 dei
601 254 717 312 discipuli
730 255 851 311 euangeli-

73 325 162 370 zabant
177 324 306 380 spiritibus
320 325 447 370 hominum
463 325 566 381 gloriam
580 323 716 380 spirituum
732 324 812 381 patris
827 328 850 369 et

74 393 178 449 gloriam
191 393 295 449 spiritus
310 394 389 439 saneti
404 399 428 439 et
442 393 546 449 gloriam
560 393 606 437 filii
621 392 661 438 dei
675 392 852 450 perspiritum

6 464 8 517 ῗ
73 465 197 507 sanetum:

6 576 8 579 a
104 530 152 588 Qui
171 533 250 579 salbat
268 533 373 590 spiritus
390 531 517 577 hominum
537 532 567 576 ab
586 530 715 587 spiritibus
735 530 849 585 malignis

72 618 118 660 per
130 616 265 648 sermonem
277 616 349 659 quem
362 601 491 659 spiritibus
504 600 630 646 hominum
644 600 756 645 dominus
769 599 850 644 ihesus

7 688 9 706 2
73 674 170 719 loeutus·
181 676 223 719 est.

427 780 494 826 XIX

103 872 134 917 In
151 871 238 918 diebus
254 871 302 917 illis
320 886 376 916 oum
393 869 509 928 disoipuli
527 868 730 927 euangelizabant
746 869 847 926 glorian]

8 961 10 965 ’
72 944 206 1003 spirituum
224 943 304 1002 patris
322 948 345 989 et
364 942 468 1000 gloriam
478 941 590 998 *spiritus
607 941 686 986 sanati
704 946 729 986 et
746 938 850 996 gloriam

70 1018 116 1063 filii
132 1017 171 1070 dei
185 1032 231 1074 per
246 1017 362 1074 spiritum
377 1020 489 1062 sanetum
505 1015 581 1061 soribe
598 1015 640 1070 qui
656 1013 785 1071 spiritibus
800 1028 848 1058 ser-

71 1091 171 1136 biebant
185 1090 300 1146 malignis
315 1089 432 1134 dixerunt
448 1087 587 1144 discipulis:
605 1086 731 1141 Quomodo
745 1085 848 1143 spiritus

70 1162 197 1208 hominum
213 1162 317 1219 gloriam
332 1161 467 1217 spirituum
482 1160 590 1206 filiorum
606 1160 645 1205 dei
662 1162 847 1215 consequentur.

101 1235 292 1292 Responderunt
311 1233 440 1291 disaipuli:
464 1232 512 1288 Qui
533 1232 637 1290 spiritus
659 1232 737 1278 saneti
759 1246 846 1278 sermo-

70 1323 126 1353 nem
144 1307 297 1353 serbaberint
316 1311 494 1363 consequentur
513 1306 617 1363 gloriam
635 1305 770 1362 spirituum
787 1303 848 1349 filio-

69 1394 125 1424 rum
136 1379 182 1424 dei.

100 1451 290 1508 Responderunt
301 1450 391 1496 soribe:
407 1450 532 1506 Quomodo
543 1450 648 1508 spiritus
659 1450 786 1496 hominum
798 1464 845 1495 ser-

70 1525 131 1569 bant
142 1523 246 1580 spiritus
257 1523 336 1569 saneti
349 1537 490 1568 sermonem.

101 1595 292 1651 Responderunt
307 1595 435 1651 discipuli:
453 1595 502 1639 Per
518 1596 624 1651 gratiam
641 1594 745 1650 spiritus
761 1593 846 1639 saneti.

100 1667 290 1723 Responderunt
302 1666 393 1711 scribe:
407 1666 531 1721 Quomodo
545 1666 648 1723 spiritus
660 1666 786 1711 hominum
799 1679 847 1710 ser-

69 1739 130 1783 bant
154 1738 258 1794 spiritus
281 1739 360 1783 saneti
384 1753 519 1783 sermonem
544 1754 589 1795 per
613 1739 719 1794 gratiam
743 1738 846 1795 spiritus

69 1811 154 1856 saneti.

100 1878 291 1934 Responderunt
303 1878 418 1935 discipuli
426 1878 435 1923 :'
445 1878 493 1933 Qui
506 1880 610 1936 spiritus
622 1880 700 1924 saneti
713 1892 847 1924 sermonem

42 1971 44 1974 ⁴
69 1950 221 1996 serbaberint
233 1965 278 2006 per
291 1949 408 2006 spiritum
420 1955 534 1995 sanetum
547 1956 727 2006 oonsequentur
741 1951 847 2007 gratiam

69 2022 172 2078 spiritus
186 2021 271 2067 saneti.

99 2092 290 2150 Responderunt
302 2092 392 2138 seribe:
406 2092 532 2148 Quomodo
544 2094 648 2151 spiritus
659 2093 786 2139 hominum
798 2107 845 2138 ser-

10 2200 12 2202 >
68 2166 129 2213 bant
140 2166 244 2224 spiritus
254 2166 332 2212 saneti
344 2181 485 2212 sermonem.

10 2232 12 2234 ’
99 2239 289 2297 Responderunt
302 2239 430 2298 diseipuli:
444 2240 492 2285 Per
506 2240 622 2299 spiritum
634 2246 753 2287 sanetum.
824 2279 826 2282 ,

99 2313 289 2371 Responderunt
301 2313 391 2359 soribe:
406 2312 531 2369 Quomodo
543 2315 647 2372 spiritus
659 2315 785 2361 hominum
798 2329 845 2360 ser-

68 2386 128 2433 bant
140 2386 243 2444 spiritus
255 2386 334 2432 saneti
346 2402 481 2434 sermonem
493 2403 537 2445 per
550 2388 667 2444 spiritum
678 2393 797 2435 sanetum.

99 2459 289 2516 Responderunt
305 2459 435 2516 discipuli:
455 2459 503 2515 Qui
521 2461 628 2516 gratiam
645 2461 748 2519 spiritus
766 2460 844 2508 sanati

68 2536 247 2588 oonsequentur
258 2531 421 2578 saltabuntur
433 2533 462 2577 ab
475 2533 604 2589 spiritibus
617 2534 738 2591 malignis.

98 2604 289 2660 Responderunt
303 2604 393 2649 scribe:
411 2603 536 2659 Quomodo
551 2606 632 2662 gratia
647 2607 751 2663 spiritus
766 2606 844 2652 saneti

68 2677 147 2722 salbat
158 2676 261 2733 spiritus
271 2675 399 2721 hominum
410 2677 440 2721 ab
451 2676 580 2733 spiritibus
591 2679 712 2735 malignis.
