1819 2972
904 1 909 38 1

826 84 828 87 ψ
904 39 909 127 r

74 134 89 178 4
299 143 391 184 lorus
404 143 630 184 urscrrunouuu.
739 144 828 190 [cunr.
838 144 856 184 1.
903 139 909 205 1

107 273 137 317 14
153 272 343 329 Responderunt
357 272 450 330 angelis
463 271 591 329 disoipuli:
605 272 712 330 Propter
725 273 791 329 quod
805 270 853 330 spi·

76 344 140 391 ritus
153 351 253 392 sanetus
266 345 370 402 spiritus
382 344 501 401 malignos
515 359 566 390 non
579 344 703 392 interfioit.

107 417 136 461 15
153 417 343 475 Responderunt
363 416 455 474 angeli:
474 416 586 474 Spiritus
605 415 708 473 maligni
726 421 785 463 sunt
803 415 853 473 spi·

76 489 141 536 ritus
152 490 279 535 hominum
292 489 334 546 qui
346 488 476 546 spiritibus
489 488 601 535 serbiunt
612 488 734 546 malignis.

106 561 135 605 16
152 561 343 619 Responderunt
356 560 450 618 angelis
463 560 591 618 disoipuli:
605 560 712 617 Propter
724 562 790 616 quod
804 559 852 617 spi·

76 633 141 680 ritus
152 638 251 679 sanetus
261 647 310 678 non
322 633 440 679 interficit
451 633 554 689 spiritus
565 632 739 689 malignosqui
750 632 853 690 spiritus
903 632 910 691 ᾗ,

75 705 202 750 hominum
214 705 261 751 sibi
273 705 366 751 serbire
378 705 482 751 faoiunt.
908 746 909 752 ,

107 777 136 821 17
153 776 343 832 Responderunt
354 776 447 833 angeli:
460 775 570 833 Spiritus
580 776 683 832 maligni
695 776 738 832 qui
748 775 851 834 spiritus

74 849 201 894 hominum
212 849 259 895 sibi
270 849 363 894 serbire
375 848 473 894 faciunt
484 853 544 894 sunt·
554 848 659 905 spiritus
669 847 796 894 hominum
809 848 852 904 qui
904 891 905 894 ,

75 920 187 966 serbiunt
198 920 295 965 inimieo
307 920 351 976 qui
361 921 432 966 hodit
442 920 545 977 spiritus
555 920 682 966 hominum
693 935 738 978 per
748 919 851 978 spiritus
906 925 908 980 'j

75 992 201 1048 malignos.
906 1021 909 1042 ;

106 1062 134 1107 18
151 1062 342 1127 Responderunt
355 1062 449 1120 angelis
462 1062 589 1119 discipuli:
604 1063 711 1120 Propter
724 1064 789 1119 quod
802 1061 850 1120 spi-

75 1135 138 1181 ritus
153 1140 251 1181 sanetus
265 1148 315 1180 non
329 1135 447 1180 interfioit
460 1135 587 1180 inimieum
602 1135 645 1191 qui
659 1135 762 1192 spiritus
776 1134 852 1181 homi·

74 1220 134 1251 num
145 1207 215 1252 hodit
225 1221 271 1263 per
282 1206 387 1263 spiritus
396 1205 523 1262 malignos.
570 1198 571 1201 ¹
905 1249 906 1252 ,

105 1278 134 1322 19
151 1277 342 1335 Responderunt
358 1278 452 1334 angeli:
469 1277 588 1324 Inimicus
603 1278 645 1334 qui
661 1278 732 1324 hodit
748 1278 850 1336 spiritus
907 1278 908 1283 ’

73 1350 200 1395 hominum
213 1355 249 1396 est
261 1350 379 1396 diabolus.
906 1375 910 1413 χ

104 1422 135 1466 20
150 1421 341 1479 Responderunt
354 1421 448 1478 angelis
461 1421 588 1478 discipuli:
603 1421 710 1479 Propter
719 1423 788 1478 ,quod
802 1420 851 1478 spi·
905 1425 909 1483 1

75 1494 139 1540 ritus
151 1499 251 1540 sanetus
262 1508 312 1539 non
324 1493 441 1539 interficit
455 1494 586 1539 diabolum.
904 1490 909 1550 ζῗ

104 1566 134 1609 21
151 1565 341 1622 Responderunt
357 1564 450 1622 angeli:
466 1564 586 1611 Diabolus
599 1579 644 1622 pro
661 1565 764 1622 gloriam
779 1564 850 1622 spiri·
902 1555 909 1629 1

73 1642 146 1683 tuum
156 1637 236 1694 patris
245 1641 272 1682 et
281 1652 328 1693 pro
338 1637 442 1693 gloriam
451 1636 554 1692 spiritus
565 1637 644 1682 saneti
657 1642 680 1683 et
691 1651 737 1695 pro
748 1637 852 1694 gloriam

72 1709 118 1754 filii
130 1709 169 1754 dei
182 1714 278 1754 oreatus
291 1709 348 1754 11111.

103 1780 133 1823 22
149 1779 339 1836 Responderunt
351 1779 447 1836 angelis
460 1779 588 1836 discipuli:
601 1779 707 1836 Propter
720 1781 785 1835 quod
797 1778 849 1825 dia-

71 1853 142 1898 bolus
153 1852 257 1909 spiritus
267 1852 395 1897 nominum
405 1850 482 1896 hodit.
906 1847 907 1897 J

104 1923 133 1967 23
150 1923 340 1981 Responderunt
357 1923 450 1978 angeli:
467 1921 587 1969 Diabolus
602 1923 673 1969 hodit
689 1923 792 1980 spiritus
808 1923 849 1967 lio-
909 1914 910 1949 1

72 1996 166 2040 minum
183 1996 241 2051 quia
256 1995 327 2041 hodit
342 1994 477 2051 spirituum
494 1999 591 2051 patrem
607 2000 631 2040 et
646 1995 717 2041 hodit
732 1995 849 2053 spiritum

72 2073 185 2113 sanetum
197 2072 222 2113 et
233 2067 304 2113 hodit
316 2067 395 2111 filium
409 2066 454 2112 dei.
903 2062 908 2125 1

102 2136 133 2179 24
149 2135 340 2191 Responderunt
352 2135 445 2192 angelis
459 2135 587 2191 discipuli:
600 2135 707 2191 Propter
719 2137 785 2191 quod
796 2135 848 2181 dia-

71 2205 142 2250 bolus
153 2206 223 2250 hodit
234 2204 369 2261 spirituum
379 2209 477 2261 patrem
491 2210 515 2249 et
526 2205 598 2249 hodit
609 2204 725 2261 spiritum
737 2209 850 2249 sanetum
903 2226 904 2255 1

72 2278 97 2318 et
108 2274 179 2318 hodit
189 2273 269 2318 filium
281 2273 327 2318 dei.

102 2342 132 2385 25
148 2341 338 2398 Responderunt
362 2341 456 2397 augeli:
479 2341 598 2387 Diabolus
620 2342 691 2388 hodit
713 2340 848 2398 spirituum
900 2328 907 2364 1

71 2416 168 2468 patrem
179 2415 203 2456 et
213 2410 284 2455 hodit
291 2410 407 2467 spiritum
413 2415 526 2455 sanetum
537 2415 560 2455 et
571 2410 641 2455 hodit
647 2410 727 2455 filium
740 2411 778 2457 dei
790 2409 849 2466 quia
901 2394 907 2430 1

69 2480 174 2537 spiritus
186 2480 313 2524 hominum
327 2479 442 2535 diligunt.
903 2484 907 2505 ¹

100 2549 129 2592 26
147 2548 336 2604 Responderunt
351 2547 445 2604 angelis
457 2548 585 2604 discipuli:
599 2548 707 2604 Propter
720 2550 785 2604 quod
798 2547 846 2604 spi·

69 2619 133 2664 ritus
145 2622 246 2663 sanetus
259 2616 384 2662 diabolum
396 2616 455 2662 sinit
468 2617 572 2674 spiritus
583 2617 709 2663 hominum
722 2618 814 2664 hodire.
900 2611 906 2680 1

100 2687 129 2732 27
146 2686 338 2742 Responderunt
356 2685 449 2742 angeli:
471 2685 580 2742 Spiritus
599 2691 699 2733 sanetus
716 2687 777 2734 sinit
795 2687 846 2733 dia·
