1912 2987
97 144 256 191 11111111]
320 144 413 184 serus
426 141 652 182 niscrpuaonuu.
847 133 877 177 29

1 325 8 347 Ξ
129 273 267 332 Respondit
277 273 361 319 homo:
375 272 500 329 Quomodo
512 270 616 329 gloriam
627 271 657 316 ab
669 269 807 315 hominibus
820 283 875 326 que-

98 350 320 475 11111111111111111111
338 415 466 473 diseipuli:
487 415 596 462 Gloriam
615 415 645 460 ab
661 413 803 459 ¹hominibus
820 427 875 469 que-

1 497 8 508 ‘'
98 495 159 536 runt
174 489 288 537 faciendo
301 488 406 546 spiritus
419 487 547 533 hominum
561 486 609 533 sibi
623 486 722 533 serbire.

464 641 514 687 XV

130 741 190 788 Post
202 743 245 788 1111
259 757 306 800 pro
319 732 422 799 gloriam
435 742 571 800 spirituum
584 742 663 799 patris
677 746 701 787 et
714 756 760 799 pro
774 741 877 797 gloriam

5 785 12 834 1
99 814 203 871 spiritus
215 815 293 860 sanoti
306 820 330 860 et
341 830 387 872 pro
397 814 502 872 gloriam
511 814 558 858 filii
570 815 609 859 dei
621 813 737 870 diseipuli
748 813 877 871 spiritibus

99 888 226 934 hominum
238 889 441 946 euangelizabant
456 903 501 946 per
515 888 633 945 spiritum
647 893 760 935 sanetum
774 888 877 945 gloriam

99 960 234 1017 spirituum
251 961 330 1017 patris
350 965 374 1006 et
392 961 496 1017 gloriam
513 960 617 1017 spiritus
633 960 713 1005 saneti
729 965 755 1005 et
773 960 877 1016 gloriam

99 1031 146 1076 filii
158 1033 176 1077 d
190 1032 205 1077 i.

12 1114 14 1120 ’
130 1047 264 1159 Postquam
285 1103 415 1161 spiritibus
435 1104 563 1148 hominum
583 1102 812 1159 euangelizaberant
833 1117 877 1161 per

97 1174 216 1232 spiritum
232 1180 345 1221 sanetum
360 1175 387 1219 in
402 1176 550 1221 iherusalem
566 1176 670 1231 gloriam
685 1176 821 1232 spirituum
835 1190 878 1232 pa-

99 1247 147 1292 tris
162 1252 186 1292 et
201 1246 305 1303 gloriam
320 1246 423 1303 spiritus
438 1248 518 1292 saneti
534 1252 559 1293 et
573 1246 677 1303 gloriam
690 1246 737 1292 filii
753 1246 792 1292 dei
808 1246 879 1293 disei-

99 1318 155 1375 puli
172 1318 277 1374 ingressi
292 1323 351 1363 sunt
368 1318 395 1362 in
411 1319 543 1363 samariam
559 1323 589 1363 ut
606 1318 736 1374 spiritibus
752 1319 878 1363 hominum

98 1390 297 1446 euangelizarent
310 1404 356 1447 per
370 1389 487 1447 spiritum
499 1394 612 1436 sanetum
626 1390 730 1446 gloriam
743 1390 878 1447 spirituum

98 1461 181 1517 patris
192 1466 215 1506 et
226 1461 330 1516 gloriam
341 1460 443 1517 spiritus
454 1462 534 1507 saneti
544 1466 569 1507 et
581 1462 685 1517 gloriam
694 1461 740 1506 filii
753 1461 805 1507 dei:

13 1588 16 1607 Ἰ
132 1531 167 1578 Ut
180 1532 284 1590 spiritus
297 1532 425 1578 hominum
438 1532 593 1579 salbarentur
608 1534 638 1579 ab
652 1532 781 1590 spiritibus
795 1532 880 1588 malig-
952 1520 954 1525 ¹

1 1602 11 1637 Ὺ
100 1605 140 1651 nis
153 1606 196 1662 qui
209 1605 315 1653 hodiunt
328 1606 432 1663 spiritus
444 1606 572 1652 hominum
585 1621 645 1664 quos
659 1606 794 1664 spirituum
807 1611 878 1665 pater

10 1702 11 1706 =
99 1683 125 1725 et
138 1678 242 1735 spiritus
252 1684 353 1725 sanetus
363 1683 389 1726 et
400 1679 466 1726 filius
479 1679 518 1726 dei
530 1679 645 1736 diligunt.

13 1751 17 1810 j
132 1750 167 1796 Et
185 1751 290 1807 quedam
308 1751 397 1797 mulier
416 1751 568 1808 glorificabat
586 1752 721 1810 spirituum
739 1757 836 1810 patrem
855 1755 879 1799 et

12 1862 15 1872 2
99 1826 253 1883 glorifieabat
269 1826 387 1883 spiritum
401 1829 514 1871 sanetum
529 1830 553 1871 et
569 1824 722 1881 glorifieabat
736 1825 816 1871 filium
831 1825 877 1871 dei.

134 1897 350 1955 lnterrogantilrus
373 1896 514 1954 disoipulis:
540 1896 703 1952 Quamobrem
728 1896 880 1954 glorificabat

46 1973 48 1976 ’
100 1970 237 2028 spirituum
255 1975 353 2027 patrem
373 1975 398 2017 et
417 1969 570 2027 glorifieabat
589 1970 706 2028 spiritum
724 1974 837 2016 sanetum
857 1973 880 2015 et

9 2044 13 2095 J
98 2043 254 2099 glorifieabat
265 2042 345 2088 filium
358 2043 409 2088 dei:

14 2119 18 2135 '³
134 2114 282 2172 Respondit:
296 2114 411 2161 Glorifieo
422 2114 557 2171 spirituum
568 2120 665 2172 patrem
677 2119 700 2161 et
710 2114 821 2172 glorifico
832 2113 880 2171 spi-

99 2190 180 2236 ritum
190 2193 304 2235 sanetum
316 2193 341 2234 et
353 2187 462 2244 glorifieo
473 2186 553 2232 filium
566 2187 605 2232 dei
618 2186 676 2243 quia
687 2192 775 2233 sanata
786 2201 847 2232 sum.

134 2261 324 2319 Responderunt
336 2259 467 2316 discipuli:
483 2258 607 2314 Quomodo
623 2264 710 2305 sanata
724 2258 803 2303 111111.
827 2283 829 2286 >

133 2332 282 2390 Respondit:
294 2332 343 2377 Per
355 2331 458 2387 spiritus
471 2331 551 2376 saneti
561 2345 703 2376 sermonem.

134 2404 325 2462 Responderunt
344 2403 472 2460 diseipuli:
494 2402 619 2458 Quomodo
638 2408 724 2449 sanata
744 2402 816 2448 111111
836 2416 880 2459 per

99 2477 206 2535 spiritus
218 2476 296 2522 saneti
309 2489 449 2520 sermonem.
497 2526 499 2529 Α

133 2547 282 2605 Respondit:
297 2547 345 2591 Per
360 2547 466 2602 gratiam
479 2547 583 2604 spiritus
597 2547 682 2593 saneti.

134 2620 324 2677 Responderunt
344 2617 472 2675 discipuli:
494 2618 619 2673 Quomodo
639 2625 726 2666 sanata
745 2619 816 2665 111111
835 2632 880 2676 per

100 2694 209 2750 gratiam
219 2691 323 2748 spiritus
333 2690 418 2737 saneti.
