1819 2972
71 120 211 168 CHARXI]
243 145 245 149 .
298 118 390 158 ACTUS
402 114 628 156 DISCIPULORUM.
822 104 851 148 21

73 286 74 291 ,
104 248 295 306 Responderunt
312 245 439 304 disoipuli:
456 246 563 301 Propter
578 243 644 301 quod
661 242 766 289 eredidit
782 240 853 299 spiri-

41 382 43 384 ι
73 329 114 370 tus
127 324 206 370 sanati
220 324 344 378 sermoni„

104 398 295 456 Responderunt
314 398 441 445 mulieres:
463 398 570 454 Propter
590 395 695 460 gloriam
717 393 851 452 spirituum

72 474 181 520 filiorum
193 475 239 520 dei.
384 477 386 480 '

103 548 293 607 Responderunt
305 548 433 607 discipuli:
447 548 574 604 Quomodo
585 547 677 593 solebat
688 547 792 604 gloriam
803 544 851 602 spi-

73 624 168 670 rituum
178 624 286 671 filiorum
298 625 344 671 dei.

103 699 294 757 Responderunt
304 700 431 746 mulieres:
444 699 516 745 Uidit
527 698 632 756 gloriam
643 697 779 753 spirituum
790 696 852 742 filio-

73 790 129 820 rum
139 775 179 821 dei
189 774 216 820 in
227 775 305 832 gloria
314 775 450 833 spirituum
460 774 639 831 discipulorum
650 774 753 831 spiritus
764 771 849 818 sanati.

104 849 138 897 ut
151 865 197 908 pro
210 850 314 908 gloriam
327 850 462 908 spirituum
474 850 554 907 patris
567 855 592 896 et
604 865 649 907 pro
663 849 767 906 gloriam
780 848 851 906 spiri-

73 930 115 971 tus
130 926 209 972 saneti
227 931 252 972 et
267 941 314 983 pro
329 926 433 983 gloriam
448 925 495 970 filii
512 926 551 971 dei
568 925 684 982 disoipuli
701 924 851 980 euangeliza-

73 1001 134 1047 bant
147 1001 277 1057 spiritibus
289 1001 417 1047 hominum
431 1016 476 1059 per
490 1001 607 1058 spiritum
620 1005 733 1047 sanetum
748 1000 852 1057 gloriam

72 1075 207 1132 spirituum
225 1077 304 1134 patris
323 1081 347 1122 et
365 1064 474 1134 gloriam
486 1076 589 1133 spiritus
608 1076 687 1122 sanati
705 1081 730 1123 et
748 1076 851 1132 gloriam
903 1065 906 1070 ⁴

73 1150 119 1195 filii
133 1150 178 1196 dei.

436 1225 491 1271 XII
517 1246 520 1251 »

104 1319 238 1377 Postquam
246 1321 378 1377 spiritibus
386 1322 514 1367 hominum
525 1321 754 1378 euangeliaaberant
765 1321 791 1367 iu
802 1321 851 1366 ilre-

74 1395 192 1441 rusalem:
211 1411 256 1453 pro
274 1396 379 1453 gloriam
394 1396 529 1452 spirituum
546 1397 625 1454 patris
643 1402 667 1443 et
685 1412 732 1454 pro
749 1396 852 1453 gloriam

74 1470 178 1528 spiritus
194 1471 272 1517 saneti
287 1477 313 1518 et
329 1486 376 1529 pro
391 1472 494 1529 gloriam
510 1472 557 1517 filii
574 1472 613 1518 dei
630 1472 735 1529 ingressi
751 1478 809 1519 sunt
825 1472 851 1517 in

74 1547 243 1603 capharnaum
258 1552 288 1593 ut
302 1547 501 1604 euangelizarent
516 1547 645 1603 spiritibus
660 1548 787 1593 hominum
803 1547 853 1604 glo-

74 1620 138 1665 riam
151 1621 287 1677 spirituum
299 1621 379 1679 patris
394 1627 418 1668 et
433 1622 537 1678 gloriam
550 1622 654 1680 spiritus
668 1623 748 1669 saneti
764 1627 788 1670 et
803 1623 852 1680 glo-

75 1695 138 1740 riam
150 1695 196 1741 filii
209 1696 255 1742 dei.

105 1769 140 1816 Et
154 1770 204 1817 fuit
218 1771 245 1815 in
260 1772 428 1828 capharnaum
442 1772 543 1829 quidam
556 1773 627 1818 lromo
642 1773 685 1830 qui
699 1772 852 1830 glorificabat

74 1845 209 1902 spirituum
228 1850 325 1903 patrem
345 1852 369 1893 et
389 1847 542 1903 glorificabat
560 1847 677 1905 spiritum
696 1853 809 1894 sanetum
828 1852 853 1893 et

20 1963 22 1966 .
74 1920 227 1976 glorifioabat
238 1920 318 1966 filium
331 1922 377 1967 dei.

105 1998 153 2044 His
170 1999 286 2045 audiebat
303 1998 436 2056 discipulos
451 1999 648 2054 euangeliaantes
665 1998 795 2055 spiritibus
811 2000 851 2044 ho-

74 2073 169 2118 minum
184 2089 229 2130 per
245 2074 362 2129 spiritum
375 2077 488 2119 sanetum
504 2073 608 2130 gloriam
623 2073 758 2131 spirituum
773 2073 853 2131 patris

75 2152 99 2194 et
111 2148 215 2204 gloriam
225 2149 330 2205 spiritus
341 2149 421 2194 saneti
434 2154 459 2194 et
470 2148 573 2205 gloriam
584 2149 631 2194 filii
644 2149 690 2195 dei,

105 2222 140 2268 Et
161 2223 267 2268 eredidit
288 2222 391 2279 spiritus
414 2224 492 2269 saneti
515 2224 620 2269 sermoni
642 2237 714 2280 quem
735 2222 851 2281 discipuli

75 2300 283 2357 euangelizabant.

105 2375 140 2421 Et
152 2389 197 2432 per
208 2374 314 2431 gratiam
326 2374 429 2430 spiritus
442 2373 521 2420 saneti
532 2378 633 2419 sanatus
645 2373 697 2419 ruit
708 2374 738 2419 ab
750 2372 851 2418 infirmi-

74 2455 125 2496 tate
137 2464 212 2506 quam
222 2449 333 2494 habebat.

106 2524 155 2570 Hie
169 2524 254 2569 iuerat
265 2524 350 2569 alodus
362 2538 376 2568 a
389 2523 521 2569 natiuitate
534 2538 580 2569 sua
592 2528 616 2569 et
628 2538 756 2579 nunquam
770 2524 852 2569 ambu-

74 2600 176 2646 laberat.

105 2672 498 2731 Etdiscipuliinterrogaherunt:
521 2671 851 2728 Quomodosanatusluerat.
