1819 2972
51 126 133 167 CHAP.
143 125 168 172 L]
265 124 367 167 ,ACTUS
380 121 606 163 DISCIPULORUM.
818 112 833 157 5

51 260 135 308 bolum
148 256 251 315 spiritus
277 254 405 300 hominum
417 252 503 298 hodire
517 266 563 309 pro
578 250 682 307 gloriam
696 248 831 307 spirituum

51 329 131 389 patris
145 332 169 373 et
182 341 228 384 pro
242 324 346 382 gloriam
358 322 462 380 spiritus
475 320 555 367 saneti
569 325 593 366 et
607 334 653 378 pro
667 318 770 376 gloriam
783 316 830 363 filii
891 363 893 366 ,

52 399 97 446 dei.

82 467 111 511 28
128 464 319 522 Responderunt
332 462 424 519 angelis
438 458 567 517 distipuli:
581 457 708 514 Quomodo
720 472 765 515 pro
778 456 829 513 glo·

50 538 113 583 riam
128 534 264 592 spirituum
277 532 357 590 patris
372 536 397 578 et
412 544 458 588 pro
473 529 577 586 gloriam
590 527 695 586 spiritus
710 527 789 573 saneti
805 530 829 572 et

50 620 96 664 pro
107 603 212 660 gloriam
224 602 271 647 filii
285 601 324 647 dei
336 599 450 647 diabolus
463 597 566 656 spiritus
578 597 707 643 hominum
718 596 796 642 hodit.

80 673 109 717 29
126 672 317 728 Responderunt
333 668 427 726 angeli:
444 667 563 713 Diabolus
580 666 685 724 spiritus
700 666 827 711 hominum

50 742 156 801 gratiam
168 740 272 798 spiritus
284 739 362 785 saneti
374 752 476 795 querere
489 736 557 782 taeit.

1 824 2 827 ’
80 811 110 855 30
126 809 317 866 Responderunt
327 807 423 864 angelis
436 805 564 863 diseipuli:
579 804 704 860 Quomodo
718 819 763 861 pro
778 804 827 860 glo

49 881 113 926 riam
126 879 261 936 spirituum
275 877 354 934 patris
370 881 394 922 et
409 891 454 933 pro
470 875 573 932 gloriam
588 875 692 932 spiritus
708 874 787 919 saneti
803 876 828 918 et

48 963 93 1007 pro
107 948 211 1004 gloriam
222 946 268 992 filii
283 946 323 992 dei
337 946 449 991 diabolus
462 944 565 1001 spiritus
578 943 706 988 hominum
720 942 827 999 gratiam

48 1017 152 1075 spiritus
164 1016 242 1062 saneti
255 1030 357 1072 querere
368 1014 437 1060 faeit.
815 1069 828 1076 -

79 1086 109 1130 31
125 1085 316 1142 Responderunt
332 1083 425 1140 angeli:
442 1082 562 1128 Diabolus
577 1082 683 1139 spiritus
697 1081 825 1127 lrominurn

48 1155 155 1212 gratiam
172 1154 277 1211 spiritus
294 1153 372 1199 saneti
391 1167 494 1208 querere
511 1151 574 1198 faoit
591 1166 636 1209 per
654 1150 757 1209 spiritus
775 1164 826 1195 ma-

47 1224 128 1281 lignos
140 1223 183 1279 qui
197 1222 302 1268 hodiunt
316 1222 420 1279 spiritus
432 1221 565 1266 hominum.

34 1321 37 1329 ι
78 1292 108 1336 32
125 1292 316 1348 Responderunt
328 1290 421 1347 angelis
433 1289 561 1345 discipuli:
575 1288 700 1345 Quomodo
714 1288 824 1335 diabolus

47 1376 92 1419 per
110 1361 214 1418 spiritus
233 1360 353 1417 malignos
372 1360 434 1406 facit
454 1359 558 1417 spiritus
576 1358 704 1405 hominum
723 1371 824 1415 querere

46 1430 153 1486 gratiam
164 1430 267 1486 spiritus
279 1429 365 1475 saneti.

77 1498 106 1542 33
124 1498 315 1555 Responderunt
331 1497 424 1554 angeli:
443 1496 553 1554 Spiritus
568 1497 695 1542 hominum
712 1497 755 1553 qui
773 1495 824 1542 dia-

46 1568 100 1613 bolo
118 1568 230 1613 serbiunt
249 1567 355 1623 gratiam
373 1566 476 1624 spiritus
494 1567 574 1612 saneti
593 1572 702 1622 querunt
718 1571 748 1612 ut
765 1565 824 1612 libe-

47 1640 130 1682 renter
143 1651 157 1681 a
170 1636 273 1681 diabolo.

77 1704 107 1748 34
123 1704 314 1761 Responderunt
327 1705 421 1761 angelis
434 1704 562 1761 disoipuli:
579 1703 703 1759 Quomodo
718 1703 823 1749 liberan-

46 1778 88 1818 tur
100 1774 204 1830 spiritus
214 1774 342 1819 hominum
353 1789 367 1819 a
379 1774 483 1820 diabolo.

76 1841 106 1885 35
123 1841 312 1897 Responderunt
341 1842 434 1899 angeli:
461 1842 510 1887 Per
538 1841 692 1888 dilectionem
719 1841 823 1899 spiritus

45 1911 130 1956 saneti.

19 1993 21 1996 ’
75 1978 105 2022 36
122 1978 312 2036 Responderunt
328 1980 421 2036 angelis
437 1979 565 2037 discipuli:
582 1979 708 2036 Quomodo
724 1979 821 2026 dileetio

44 2048 148 2104 spiritus
160 2049 239 2095 saneti
250 2049 340 2095 liberat
351 2049 455 2107 spiritus
466 2050 599 2095 hominum.

75 2116 104 2160 37
121 2115 312 2173 Responderunt
323 2117 416 2174 angeli:
428 2118 476 2164 Per
488 2119 600 2175 gratiam.

75 2185 104 2229 38
121 2184 312 2242 Responderunt
326 2186 419 2243 angelis
434 2187 562 2244 disoipuli:
578 2186 704 2242 Quomodo
718 2186 821 2244 spiritus

44 2253 170 2300 hominum
182 2255 288 2311 gratiam
299 2260 484 2312 eonsequentur.
801 2294 803 2297 Α

74 2322 104 2366 39
120 2322 311 2379 Responderunt
326 2324 418 2380 angeli:
435 2323 484 2379 Qui
490 2324 595 2381 spiritus
601 2325 680 2370 saneti
687 2339 821 2370 sermonem

43 2391 196 2438 serbaberint
210 2392 316 2449 gratiam
330 2393 434 2450 spiritus
448 2394 527 2439 saneti
543 2399 728 2450 eonsequentur.

73 2459 104 2503 40
120 2460 311 2517 Responderunt
325 2462 419 2518 angelis
433 2462 560 2519 discipuli:
577 2462 703 2518 Quomodo
716 2463 820 2520 spiritus

42 2527 169 2573 hominum
183 2530 287 2586 spiritus
301 2531 380 2575 saneti
395 2546 530 2576 sermonem
544 2533 650 2577 serbant.

72 2596 103 2640 41
119 2597 309 2654 Responderunt
322 2599 416 2656 angeli:
431 2600 481 2644 Per
494 2601 601 2657 gratiam
614 2601 717 2657 spiritus
732 2600 818 2646 saneti.

43 2663 77 2710 Et
97 2667 261 2713 discesserunt
281 2668 368 2724 angeli.
382 2673 385 2680 ’
401 2669 436 2714 Et
457 2669 572 2726 disoipuli
592 2672 695 2727 regressi
714 2675 773 2716 sunt
792 2670 819 2714 in

42 2732 195 2782 iherusalem.
