1819 2972
59 140 140 180 CHAP.
150 140 218 188 Vnt]
283 119 374 180 ACTUs
387 136 614 179 DISCIPULORUM.
812 126 840 171 l5

90 268 281 326 Responderunt
292 267 384 314 seribe:
400 266 448 322 Qui
463 264 634 322 euangeliaant
648 262 751 321 gloriam
765 261 836 319 spiri-

58 349 132 390 tuum
142 343 221 401 patris
233 348 257 390 et
269 343 372 400 gloriam
382 342 487 400 spiritus
499 340 578 387 saneti
590 345 613 386 et
625 338 729 396 gloriam
739 337 786 384 filii
798 337 837 383 dei
863 370 865 374 ·

59 419 184 465 diabolum
195 419 293 464 habent.

90 503 280 560 Responderunt
296 501 412 560 disoipuli
426 500 524 548 seribis:
542 498 591 556 Qui
606 498 731 545 diabolum
745 498 837 544 habent

58 578 162 635 gloriam
174 578 265 624 diaboli
278 582 391 634 querunt.

88 662 279 719 Responderunt
293 662 383 708 scribe:
401 660 450 717 Qui
466 660 591 707 diabolum
606 659 698 705 habent
714 657 836 714 euangeli-
888 660 890 663 “

57 743 114 784 zant
134 738 264 795 spiritibus
284 738 411 784 hominum
432 736 536 794 gloriam
555 735 691 794 spirituum
710 735 789 793 patris
811 737 835 780 et

57 813 161 869 gloriam
173 812 277 869 spiritus
288 813 369 859 saneti
382 818 407 859 et
420 812 524 870 gloriam
536 811 582 857 filii
596 811 642 858 dei.

87 897 278 954 Responderunt
292 897 407 954 discipuli
421 895 520 942 scribis:
537 894 585 951 Qui
600 894 770 952 euangelirant
785 894 835 951 glo

55 972 119 1017 riam
132 972 268 1029 spirituum
279 966 361 1029 'patris
376 977 401 1018 11
414 972 518 1028 gloriam
532 971 636 1028 spiritus
651 970 730 1016 saneti
745 975 769 1016 et
785 970 834 1027 glo-

56 1047 119 1093 riam
128 1047 175 1092 filii
185 1048 226 1094 dei
238 1047 350 1093 diabolus
359 1046 436 1094 nodia

86 1131 277 1189 Responderunt
290 1131 380 1177 scribe:
396 1129 445 1186 Qui
460 1130 629 1187 euangelizant
644 1129 748 1185 gloriam
761 1128 833 1186 spiri-

54 1211 127 1252 tuum
137 1206 217 1263 patris
228 1211 252 1252 et
262 1207 368 1263 gloriam
378 1206 483 1263 spiritus
494 1206 573 1251 saneti
586 1211 610 1252 11
620 1205 725 1261 gloriam
735 1205 782 1250 1111
794 1204 833 1251 dei

54 1281 166 1327 diabolus
177 1296 227 1326 non
237 1281 314 1326 hodit.

83 1364 274 1422 Responderunt
284 1365 401 1422 disoipuli
413 1364 511 1410 scribis:
524 1365 630 1420 Propter
641 1365 708 1421 quod
719 1364 831 1410 diabolus

52 1439 210 1497 persequitur
224 1439 328 1497 spiritus
342 1439 469 1485 hominum
483 1440 526 1496 qui
542 1440 712 1496 euangelizant
727 1440 831 1497 gloriam

52 1514 187 1571 spirituum
204 1515 284 1572 patris
300 1519 326 1560 et
345 1515 449 1571 gloriam
466 1515 569 1572 spiritus
586 1516 667 1561 saneti
684 1520 708 1561 11
727 1515 830 1571 gloriam

51 1589 97 1634 filii
109 1589 154 1635 dei.

82 1672 272 1730 Responderunt
290 1672 381 1719 seribe:
400 1672 520 1719 Diabolus
537 1666 588 1720 non
605 1673 763 1730 persequitur
781 1672 830 1730 spi-

52 1747 116 1794 ritus
122 1748 249 1793 hominum
256 1747 299 1804 qui
307 1747 477 1803 euangelizant
490 1747 593 1804 gloriam
603 1747 739 1805 spirituum
751 1747 830 1806 patris

52 1826 77 1868 et
88 1823 191 1879 gloriam
201 1823 305 1880 spiritus
315 1823 394 1868 saneti
405 1827 428 1868 et
440 1823 544 1879 gloriam
553 1823 599 1868 1111
611 1824 657 1869 dei.
722 1872 725 1875 ,

16 1962 18 1965 v
81 1906 272 1963 Responderunt
283 1906 399 1963 diseipuli
409 1905 508 1952 scribis:
521 1906 628 1963 Propter
639 1909 705 1963 quod
717 1907 828 1953 diabolus

50 1980 168 2027 interfioit
187 1981 293 2026 hominis
314 1981 357 2036 qui
378 1982 548 2037 euangelizant
569 1981 673 2038 gloriam
694 1982 828 2039 spirituum

50 2056 129 2112 patris
142 2060 166 2101 et
177 2055 281 2111 gloriam
291 2056 396 2113 spiritus
407 2057 486 2102 saneti
496 2062 522 2103 et
534 2056 637 2112 gloriam
648 2057 694 2102 1111
707 2058 753 2103 dei.

81 2139 271 2196 Responderunt
285 2139 376 2184 soribe:
391 2139 510 2185 Diabolus
525 2154 575 2185 non
589 2140 707 2186 1111111111
722 2140 828 2186 hominis

49 2214 92 2270 qui
113 2214 283 2270 euangelizant
303 2214 407 2271 gloriam
425 2215 561 2271 spirituum
580 2215 660 2272 patris
679 2222 704 2262 et
724 2216 827 2273 gloriam

49 2289 145 2344 spiritis
154 2289 232 2334 saneti
243 2294 267 2335 et
276 2289 380 2345 gloriam
388 2289 434 2334 filii
444 2290 490 2335 dei.
796 2280 798 2283 ¹

80 2373 270 2430 Responderunt
282 2372 397 2430 discipuli
409 2373 507 2419 scribis:
520 2374 627 2431 Propter
638 2376 703 2431 quod
715 2375 826 2421 diabolus

48 2446 174 2494 interierit
187 2448 341 2505 stepltanum

79 2531 270 2588 Responderunt
290 2530 380 2576 soribe:
402 2530 451 2586 Qui
470 2532 609 2589 glorifieant
627 2533 764 2591 spirituum
783 2549 825 2591 pa-

48 2613 111 2655 trem
122 2615 147 2655 et
157 2609 296 2666 glorificant
309 2609 425 2666 spiritum
435 2615 549 2656 sanetum
560 2616 585 2657 et
597 2611 735 2668 glorificant
746 2612 826 2657 filium

49 2688 88 2734 dei
99 2687 252 2734 interficiunt
262 2701 294 2732 se.
