1912 2987
90 137 254 184 *CHARXVLJ
319 136 411 177 Aenus
423 133 651 176 DISCIPULORUM.
847 124 875 168 31

127 266 318 322 Responderunt
330 264 458 320 discipuli:
470 263 518 308 Per
531 262 638 319 gratiam
649 260 752 318 spiritus
764 259 849 306 saneti.

128 336 318 394 Responderunt
332 335 423 382 seribe:
439 334 506 390 Quid
521 339 558 380 est
572 333 653 390 gratia
669 331 773 389 spiritus
787 330 872 376 saneti.

127 408 318 466 Responderunt
336 407 465 465 disoipuli:
488 405 575 452 Gratia
595 410 632 451 est
652 404 751 450 dileetio
771 403 874 460 spiritus

1 523 10 554 Ξ
97 480 182 526 saneti.

128 551 317 608 Responderunt
330 550 420 597 seribe:
435 549 561 605 Quomodo
573 547 679 605 gratiam
693 560 874 602 consequemur.

126 622 317 679 Responderunt
347 622 476 679 distipuli:
506 621 555 667 Per
585 619 740 666 dilectionem
770 618 872 676 spiritus

96 695 182 742 saneti.

5 748 10 778 ³
54 786 56 789 ’
126 767 316 825 Responderunt
331 766 421 813 sorite:
437 766 487 812 Ubi
503 771 538 812 est
553 765 658 823 spiritus
673 770 778 811 sanetus.

9 886 10 889 ,
126 839 316 898 Responderunt
329 839 457 897 disoipuli:
472 838 581 896 Spiritus
594 843 694 884 sanetus
706 843 742 884 est
755 838 782 882 in
794 836 873 894 gloria

9 907 15 974 j]
96 913 231 970 spirituum
244 913 322 971 patris
337 918 362 959 et
375 912 401 958 in
415 912 493 969 gloria
506 911 610 970 spiritus
624 911 703 957 saneti
717 911 782 957 etin
795 909 873 966 gloria

9 1002 15 1031 1
94 985 140 1030 filii
155 985 200 1030 dei.

11 1025 15 1109 l
125 1056 315 1113 Responderunt
330 1055 419 1102 seribe:
435 1056 483 1101 Ubi
497 1061 535 1102 est
550 1054 627 1111 gloria
643 1055 778 1113 spirituum
792 1054 871 1111 patris

94 1132 118 1174 et
131 1128 210 1184 gloria
222 1128 325 1184 spiritus
337 1128 417 1173 saneti
429 1133 454 1173 et
466 1127 545 1184 gloria
557 1127 603 1171 filii
616 1127 662 1172 dei.

125 1199 315 1257 Responderunt
336 1199 464 1257 disoipuli:
488 1199 572 1245 Gloria
591 1199 726 1256 spirituum
747 1199 826 1256 patris
847 1202 870 1243 et

94 1272 174 1328 gloria
184 1271 378 1328 spiritus'sanoti
390 1276 414 1317 et
426 1271 505 1328 gloria
515 1270 561 1317 filii
573 1271 612 1317 dei
624 1276 661 1317 est
671 1271 698 1316 in
709 1272 766 1317 eelo.

125 1343 160 1389 nt
171 1343 248 1389 scribe
261 1343 430 1389 diseessemmt.

16 1456 18 1472 ἶ
125 1415 159 1461 Et
174 1414 291 1473 distipuli
304 1416 408 1471 ingressi
423 1421 481 1462 sunt
496 1416 523 1461 in
537 1415 684 1461 iherusalem
697 1421 727 1462 ut
741 1414 870 1473 spiritibus

92 1487 219 1532 hominum
229 1487 427 1544 euangelizarent
437 1488 540 1545 gloriam
550 1487 685 1545 spirituum
695 1489 774 1546 patris
786 1493 810 1535 et
820 1489 870 1545 glo-

11 1595 13 1597 .
93 1559 157 1604 riam
175 1559 279 1616 spiritus
298 1560 377 1605 saneti
397 1565 422 1606 et
439 1560 545 1616 gloriam
563 1560 609 1605 filii
629 1561 669 1606 dei
688 1575 734 1618 per
754 1560 870 1616 spiritum

93 1639 217 1681 sanetum:
497 1629 500 1632 ’

16 1705 20 1716 ’
125 1705 173 1762 Qui
192 1706 271 1752 salbat
291 1705 394 1763 spiritus
412 1705 540 1750 hominum
559 1705 588 1750 ab
608 1705 736 1762 spiritibus
756 1705 869 1762 malignis

93 1793 138 1836 per
152 1778 256 1835 spiritus
270 1776 349 1823 saneti
363 1792 499 1823 sermonem
513 1792 585 1834 quern
601 1777 729 1835 spiritibus
743 1777 870 1824 ¹hominum

11 1904 13 1906 ,
41 1859 44 1864 ’
92 1850 205 1896 dominus
218 1850 300 1895 ihesus
311 1851 409 1895 loeutus
421 1854 463 1895 est.

440 2001 518 2047 XVII

18 2151 23 2172 ,1
123 2103 155 2148 In
174 2103 259 2148 diebus
278 2102 328 2148 illis
347 2102 425 2148 soribe
445 2103 562 2148 dixerunt
582 2103 722 2160 discipulis:
744 2104 869 2160 Quomodo

17 2198 21 2233 2
91 2174 195 2232 gloriam
212 2174 346 2231 spirituum
364 2174 444 2230 patris
460 2179 487 2220 -et
504 2174 607 2231 gloriam
625 2176 729 2233 spiritus
746 2178 826 2222 saneti
844 2181 868 2222 et

91 2246 194 2304 gloriam
204 2246 250 2290 filii
262 2245 301 2291 dei
313 2259 494 2302 consequemur.
832 2286 833 2289 ,

17 2315 19 2317 ’
121 2320 311 2376 Responderunt
323 2317 451 2374 diseipuli:
466 2317 514 2373 Qui
527 2317 630 2375 spiritus
642 2321 721 2366 saneti
733 2335 867 2366 sermonem

89 2392 242 2439 serbaberint
256 2390 419 2437 salbabuntur
433 2391 462 2436 ab
477 2390 607 2447 spiritibus
620 2392 734 2449 malignis
749 2399 774 2439 et
787 2408 867 2439 eonse-

16 2470 20 2514 1,
90 2469 197 2522 quentur
209 2478 254 2520 per
268 2462 385 2519 spiritum
397 2466 510 2507 sanetum
523 2463 627 2519 gloriam
639 2464 775 2521 spirituum
787 2466 866 2522 patris

90 2541 114 2583 et
126 2536 230 2593 gloriam
241 2534 345 2592 spiritus
356 2533 436 2578 saneti
448 2538 473 2579 et
484 2534 589 2589 gloriam
600 2534 646 2580 filii
657 2536 705 2582 dei.

120 2607 311 2665 Responderunt
323 2604 414 2651 scribe:
430 2603 554 2659 Quomodo
569 2606 672 2662 spiritus
686 2610 765 2655 saneti
778 2623 866 2654 sermo-

19 2687 24 2731 ζ
89 2696 146 2726 nem
158 2679 314 2726 serbabimus.
