1912 2987
6 178 7 181 Ἴ
97 129 265 176 CHAP.XVII.]
321 128 413 168 ACTUS
426 126 652 167 DISCIPULORUM.
847 117 877 162 33

5 267 7 289 ³
97 257 250 303 serbaberint
264 272 310 315 per
325 257 442 314 spiritum
457 260 570 302 sanetum
586 254 724 311 glorificant
741 253 874 311 spirituum

96 331 193 384 patrem
214 331 239 372 11
259 326 397 383 glorifioant
417 325 535 384 spiritum
555 328 669 370 sanetum
688 328 714 370 11
736 322 874 380 glorificant

96 395 176 441 filium
188 395 234 441 dei.
478 404 480 407 “

4 496 9 521 t
128 464 318 521 Responderunt
338 464 428 510 soribe:
450 462 498 518 Qui
519 461 658 519 glorificant
677 459 812 518 spirituum
832 474 875 516 pa-

96 538 160 579 trem
171 539 196 579 11
207 533 345 590 glorificant
355 532 474 590 spiritum
484 536 597 578 sanotum
609 535 633 577 et
646 529 784 587 glorifioant
795 529 874 574 filium

4 601 9 666 3
97 602 136 648 dei
149 602 273 648 diabolum
284 603 382 648 liabent.

4 665 9 694 ³
127 671 162 717 Et
174 671 251 717 soribe
264 671 433 717 discesserunt.

126 740 186 786 Post
199 741 243 786 heo
258 740 374 795 disoipuli
389 739 591 795 euangeliaabant
604 738 733 795 spiritibus
747 736 874 783 hominum

95 810 274 866 perspiritum
289 814 400 855 sanetum
416 808 521 864 gloriam
537 808 672 865 spirituum
688 807 768 864 patris
784 812 810 853 11
825 807 874 863 glo-

96 878 159 924 riam
170 878 275 935 spiritus
286 878 365 924 sanati
377 883 401 924 et
414 877 519 935 gloriam
529 876 575 922 filii
587 877 633 923 dei.

438 1029 530 1081 XVIII

9 1175 11 1178 ἵ
126 1117 158 1162 In
178 1117 262 1162 diebus
281 1117 331 1162 illis
350 1116 465 1173 discipuli
484 1116 642 1162 intraberunt
660 1116 687 1161 in
705 1117 825 1173 templum
843 1119 873 1160 ut

94 1186 225 1243 spiritibus
242 1186 369 1230 homiuum
389 1185 587 1241 euangelizarent
605 1199 650 1242 per
669 1184 786 1242 spiritum
804 1198 872 1229 sane-

94 1259 149 1300 tum
160 1254 266 1310 gloriam
278 1254 413 1311 spirituum
426 1253 505 1310 patris
520 1259 544 1299 11
558 1253 661 1310 gloriam
675 1252 778 1310 spiritus
793 1252 872 1298 sanati

0 1326 13 1339 ”
94 1328 120 1368 11
129 1322 234 1378 gloriam
245 1322 291 1367 filii
304 1322 350 1367 dei.

127 1389 211 1436 Scribe
230 1405 286 1446 ergo
307 1390 349 1445 qui
368 1390 507 1435 serbiebant
526 1390 654 1446 spiritibus
672 1389 788 1445 malignis
807 1389 873 1434 dixe-

94 1464 154 1505 runt
163 1458 305 1515 disoipulis:
319 1458 482 1514 Quamobrem
492 1458 622 1515 spiritibus
631 1458 759 1503 hominum
769 1471 872 1513 euange-

93 1527 173 1573 lizatis
184 1527 287 1583 gloriam
295 1526 431 1584 spirituum
440 1527 519 1584 patris
530 1531 554 1572 et
565 1527 669 1583 gloriam
678 1527 783 1584 spiritus
793 1526 871 1572 saneti

95 1601 120 1642 et
132 1596 236 1653 gloriam
246 1596 293 1640 filii
305 1595 351 1641 dei.

123 1665 314 1724 Responderunt
330 1665 445 1723 disoipuli
461 1664 559 1712 soribis:
576 1664 784 1722 Euangelizamus
799 1664 870 1724 spiri-

14 1766 15 1769 =
93 1736 160 1782 tibus
172 1736 299 1782 liominum
311 1735 415 1792 gloriam
429 1735 563 1793 spirituum
576 1735 655 1793 patris
669 1740 693 1782 et
707 1736 811 1793 gloriam
822 1735 871 1793 spi-

13 1812 15 1815 ·
93 1806 157 1852 ritus
177 1806 256 1852 saneti
277 1810 301 1852 et
319 1805 424 1862 gloriam
443 1805 489 1851 filii
511 1806 550 1852 dei
570 1811 600 1852 ut
619 1804 724 1863 spiritus
744 1805 870 1851 hominum

92 1876 219 1921 salbentur
233 1876 263 1921 ab
278 1875 408 1933 spiritibus
421 1875 535 1932 malignis
550 1891 595 1933 per
609 1875 713 1933 spiritus
727 1876 807 1922 saneti
821 1890 869 1921 ser-

15 2002 16 2005 *
47 1980 49 1983 >
92 1960 194 1991 monem.

14 2056 16 2076 ἶ
124 2013 314 2070 Responderunt
330 2014 420 2060 seribe:
437 2012 563 2069 Quomodo
578 2013 681 2070 spiritus
696 2014 777 2060 saneti
792 2027 869 2060 sermo

92 2084 172 2129 solbat
180 2082 285 2140 spiritus
295 2083 422 2128 hominum
433 2083 463 2128 ab
475 2083 604 2140 spiritibus
616 2083 737 2139 malignis.

122 2151 312 2209 Responderunt
328 2151 443 2208 discipuli
458 2152 556 2197 soribis:
573 2151 657 2198 Sermo
672 2151 776 2209 spiritus
790 2151 869 2198 saneti

13 2220 17 2256 ³5
91 2222 170 2267 salbat
184 2221 288 2278 spiritus
300 2221 427 2266 hominum
440 2222 470 2267 ab
484 2221 613 2279 spiritibus
626 2222 742 2278 malignis
755 2222 868 2268 faoiendo

11 2326 17 2360 ξ
91 2290 195 2348 spiritus
205 2289 332 2335 hominum
344 2290 442 2335 eredere
454 2290 481 2335 in
494 2290 624 2336 dileetione
635 2290 738 2348 spiritus
751 2282 836 2336 saneti.

121 2358 312 2416 Responderunt
323 2358 413 2404 sorite:
427 2357 552 2414 Quomodo
565 2358 669 2417 spiritus
680 2360 807 2405 hominum
820 2373 869 2423 ore3

12 2457 18 2473 1
92 2429 152 2475 dent
162 2429 188 2474 in
200 2428 328 2474 dilectione
339 2428 442 2484 spiritus
454 2429 539 2474 saneti.

121 2497 312 2555 Responderunt
328 2496 444 2554 discipuli
461 2497 558 2543 soribis:
576 2498 624 2543 Per
642 2498 748 2555 gratiam
764 2497 866 2556 spiritus

91 2561 176 2606 saneti.

121 2628 311 2686 Responderunt
322 2628 412 2673 soribe:
426 2627 552 2683 Quomodo
562 2629 665 2687 spiritus
676 2629 803 2675 hominum
813 2642 867 2685 gra-

13 2706 19 2753 ζ
90 2698 152 2744 tiam
162 2698 266 2755 spiritus
276 2698 354 2743 sanati
365 2702 550 2753 consequentur.
