1912 2987
105 131 135 175 34
330 140 422 180 ACTUS
435 140 660 180 DISCIPULORUM.
707 140 797 187 [CHAP.
804 140 887 180 XVIII.

137 267 328 325 Responderunt
345 268 462 326 discipuli
479 267 577 314 soribis:
596 268 646 314 Per
662 268 818 315 dilectionem
835 267 885 325 spi-

106 336 172 382 ritus
183 337 270 383 saneti.
769 340 771 342 ’

138 405 327 461 Responderunt
337 405 428 451 soribe:
442 404 567 460 Quomodo
576 405 680 462 spiritus
690 404 819 450 'hominum
830 418 884 461 gro-

106 473 168 519 tiam
182 478 361 529 consequentur
374 488 419 529 per
434 473 588 519 dilectionem
601 473 704 531 spiritus
720 474 805 519 saneti.

138 541 329 599 Responderunt
350 541 466 599 disoipuli
488 541 586 587 scribis:
610 541 658 597 Qui
679 542 783 598 spiritus
805 539 884 587 saneti

107 626 242 657 sermonem
265 611 418 657 serboberint
441 611 603 657 salbubuntur
628 612 659 657 ab
682 610 811 668 spiritibus
835 624 885 655 ma-

105 681 180 739 lignis
195 681 238 738 qui
253 680 356 739 spiritus
372 681 499 726 hominum
516 680 670 727 dilectionem
684 681 789 739 spiritus
804 680 884 727 saneti

105 765 220 809 spernere
233 750 336 797 feriunt.

137 820 327 877 Responderunt
339 820 429 866 soribe:
445 819 570 876 Quomodo
582 820 687 878 spiritus
697 821 825 867 hominum
838 821 883 865 sal-

105 890 231 936 bobuntur
245 890 274 936 ab
289 890 417 947 spiritibus
430 890 552 947 malignis·

136 959 326 1016 Responderunt
337 959 453 1015 diseipuli
463 960 561 1005 soribis:
573 958 622 1014 Qui
632 960 735 1017 spiritus
746 960 825 1006 saneti
835 972 883 1005 ser-

105 1043 200 1074 monem
215 1029 367 1075 serboberint
384 1044 429 1086 per
446 1029 552 1086 gretiam
567 1029 671 1086 spiritus
686 1030 765 1075 saneti
782 1030 883 1075 oredent

105 1098 208 1155 spiritus
219 1099 298 1143 saneti
309 1099 422 1143 sermoni.

136 1166 326 1224 Responderunt
344 1167 434 1213 seribe:
453 1167 560 1224 Propter
577 1168 643 1224 quod
661 1168 761 1213 eredent
778 1166 882 1226 spiritus

104 1237 183 1282 semoti
194 1236 306 1282 sermoni.

136 1305 326 1362 Responderunt
342 1306 460 1363 dtsoipufi
476 1306 574 1352 scribis:
591 1306 640 1351 Per
656 1306 762 1363 gratiam
779 1306 882 1363 spiritus

104 1375 190 1420 saneti.

135 1443 326 1500 Responderunt
341 1444 426 1490 soribe.
443 1444 551 1501 Propter
567 1446 632 1501 quod
648 1459 694 1501 per
710 1444 815 1502 gratiam
833 1444 881 1502 spi-

105 1512 169 1557 ritus
181 1513 260 1559 saneti
274 1514 374 1559 credent
385 1513 490 1570 spiritus
502 1514 580 1560 sunoti
593 1515 705 1560 sermoni.

136 1580 326 1638 Responderunt
337 1582 454 1639 discipuli
466 1583 564 1628 soribis:
579 1582 627 1628 Per
639 1583 743 1639 spiritus
754 1582 881 1638 malignos,

135 1649 326 1705 Responderunt
344 1651 434 1696 seribe:
452 1650 559 1707 Propter
577 1652 643 1706 quod
661 1651 761 1696 credent
779 1651 882 1707 spiritus

104 1721 184 1765 saneti
197 1721 302 1766 sermoni
315 1735 360 1777 per
372 1720 474 1777 spiritus
487 1720 613 1775 malignos.

135 1789 326 1845 Responderunt
342 1787 457 1845 disoipuli
473 1787 570 1833 soribis:
586 1787 621 1834 Ut
635 1787 773 1833 liberentur
787 1788 817 1834 ob
833 1786 881 1844 spi-

104 1858 194 1902 ritibus
206 1856 320 1912 malignis
335 1857 378 1912 qui
391 1856 495 1913 spiritus
507 1856 634 1902 hominum
647 1855 776 1913 spiritibus
790 1856 881 1902 serbire

104 1926 219 1982 malignis
231 1924 335 1970 leeiunt.

135 1994 325 2050 Responderunt
338 1992 427 2038 soribe:
443 1991 568 2047 Quomodo
581 1993 755 2037 liberabuntur
767 1994 797 2038 eb
811 1991 882 2048 spiri-

103 2063 170 2108 tibus
186 2062 302 2118 melignis
319 2061 362 2117 qui
378 2061 483 2118 spiritus
498 2061 626 2107 hominum
642 2061 773 2118 spiritibus
789 2061 880 2108 serbire

103 2132 217 2189 malignis
230 2131 334 2177 faoiunt.

133 2201 324 2259 Responderunt
341 2200 457 2258 disoipuli
474 2199 572 2246 soribis:
589 2199 638 2246 Per
655 2201 760 2257 gratiam
776 2200 879 2259 spiritus

103 2273 189 2319 saneti.

133 2342 324 2399 Responderunt
336 2340 426 2387 scribe:
439 2340 546 2397 Propter
558 2341 624 2398 quod
637 2340 740 2399 spiritus
753 2341 880 2388 bominum
952 2367 953 2370 =

102 2425 152 2458 non
172 2417 280 2468 querunt
300 2410 406 2467 gratiam
424 2410 529 2468 spiritus
547 2411 626 2456 saneti
645 2416 675 2457 ut
694 2411 829 2458 liberentur
850 2412 880 2457 ab

102 2481 233 2538 spiritibus
245 2480 366 2538 malignis.

133 2550 323 2605 Responderunt
336 2548 452 2605 discipuli
464 2548 562 2594 soribis:
575 2549 624 2594 Per
636 2549 740 2606 spiritus
752 2549 878 2607 malignos.

135 2622 169 2667 Et
182 2622 260 2666 soribe
274 2621 444 2666 discesserunt.

133 2694 193 2739 Post
205 2695 249 2739 lieo
262 2708 309 2750 pro
321 2692 425 2748 gloriam
439 2691 573 2749 spirituum
586 2692 666 2749 patris
680 2698 704 2739 et
716 2709 763 2751 pro
777 2695 880 2752 gloriam
