1819 2972
64 134 146 173 CHAP.
155 134 190 180 X.]
287 132 379 172 ACTUS
391 129 618 171 DISCIPULORUM.
815 118 844 164 19

93 261 243 318 Respondit:
264 253 840 317 Egosanatusfuipergratiamspiritussaneti.

94 348 285 406 Responderunt
302 346 429 405 discipuli:
449 345 575 402 Quomodo
590 348 692 391 sanetus
708 342 781 389 fuisti
797 356 842 398 per

63 424 169 482 gratiam
180 424 285 481 spiritus
297 423 383 477 saneti.

94 511 243 569 Respondit:
263 511 317 568 Ego
337 511 431 557 eredidi
450 508 556 556 sermoni
575 507 679 565 spiritus
696 506 777 553 saneti
796 519 841 563 per

63 587 169 645 gretiam
181 587 286 645 spiritus
297 587 382 633 saneti.

93 674 284 732 Responderunt
301 673 429 739 discipuli:
448 672 574 728 Quomodo
591 669 718 717 credidisti
735 669 840 716 sermoni

18 778 20 783 ·
62 751 165 808 spiritus
177 750 263 797 saneti.

93 837 242 895 Respondit:
254 837 302 883 Per
312 838 419 894 gratiam
428 836 533 892 spiritus·
542 836 629 882 saneti.

91 925 283 983 Responderunt
299 924 427 983 discipuli:
444 924 552 981 Propter
568 924 634 980 quod
650 921 777 969 credidisti
792 936 840 968 ser-

62 1002 129 1047 moni
142 1017 187 1059 per
200 1002 307 1058 gratiam
320 1001 424 1059 spiritus
437 999 522 1046 saneti.

92 1089 241 1146 Respondit:
254 1089 309 1146 Ego
320 1089 413 1135 credidi
424 1088 531 1134 sermoni
542 1088 601 1144 quia
611 1087 665 1133 bidi
674 1085 779 1143 gloriam
791 1081 840 1142 spi-

62 1165 156 1210 rituum
166 1164 274 1210 filiorum
285 1164 331 1210 dei.

92 1252 283 1309 Responderunt
296 1251 424 1309 discipuli:
439 1250 564 1307 Quomodo
576 1250 662 1297 bidisti
675 1250 779 1307 gloriam
791 1247 840 1306 spi-

61 1328 156 1373 rituum
167 1327 276 1373 filiorum
288 1327 334 1373 dei.

92 1415 241 1471 Respondit:
253 1415 307 1471 Ego
317 1415 370 1461 bidi
382 1414 486 1471 gloriam
497 1413 632 1472 spirituum
642 1413 751 1459 filiorum
762 1413 802 1459 dei
812 1389 839 1457 in

61 1490 124 1536 faeie
136 1491 244 1536 filiorum
256 1490 302 1536 dei.

6 1628 7 1632 Ἰ
92 1578 283 1635 Responderunt
295 1576 423 1635 diseipuli:
438 1576 563 1632 Quomodo
576 1576 662 1623 loidisti
675 1576 779 1633 gloriam
791 1574 840 1631 spi-

60 1653 155 1698 rituum
166 1653 275 1698 filiorum
286 1652 326 1698 dei
337 1653 365 1698 in
376 1652 440 1698 faeie
450 1652 559 1698 filiorum
572 1653 618 1698 dei.

91 1739 239 1805 Respondit:
252 1740 306 1797 Ego
317 1739 370 1785 bidi
382 1739 485 1796 gloriam
496 1740 631 1796 spirituum
641 1739 749 1785 filiorum
761 1739 801 1785 dei
811 1738 838 1783 in

59 1815 138 1871 gloria
150 1802 284 1872 spirituum
296 1815 475 1873 diseipulorum
486 1815 590 1872 spiritus
602 1815 687 1861 saneti.
770 1857 774 1860 ,

90 1905 281 1962 Responderunt
293 1904 421 1962 discipuli:
436 1904 560 1960 Quomodo
573 1905 659 1951 bidisti
673 1905 776 1961 gloriam
789 1903 838 1961 spi-

19 1975 21 1978 ⁴
59 1981 154 2026 rituum
167 1980 345 2036 disoipulorum
356 1980 459 2037 spiritus
471 1981 557 2026 saneti.

90 2067 239 2124 Respondit:
255 2068 310 2123 Rgo
323 2067 377 2113 bidi
391 2067 495 2123 gloriam
510 2067 644 2124 spirituum
660 2068 837 2124 disoipulorum

59 2143 163 2200 spiritus
181 2142 260 2188 saneti
279 2143 305 2187 in
325 2142 450 2199 diligendo
468 2143 572 2200 spiritus
590 2143 718 2188 hominum
736 2144 779 2199 qui
798 2156 837 2188 eos

58 2218 276 2274 persequebantur.

427 2292 467 2337 XI

89 2393 149 2439 Post
161 2393 206 2438 lieo
219 2406 265 2449 pro
277 2390 382 2447 gloriam
395 2390 530 2447 spirituum
543 2390 623 2447 patris
637 2396 661 2436 et
674 2405 719 2448 pro
734 2390 836 2447 gloriam

58 2468 160 2526 spiritus
172 2466 253 2513 saneti
264 2471 288 2512 et
300 2480 346 2522 pro
360 2465 463 2522 gloriam
474 2465 520 2511 filii
533 2465 572 2510 dei
585 2465 701 2522 discipuli
714 2464 836 2521 euangeli-

56 2544 145 2589 rabant
152 2541 281 2599 spiritibus
286 2541 415 2586 »hominurn
429 2555 474 2597 per
488 2540 726 2597 spiritumsanetum
732 2541 835 2597 gloriam

57 2618 192 2676 spirituum
209 2616 289 2674 patris
307 2620 330 2663 et
349 2615 453 2672 gloriam
471 2615 574 2672 spiritus
592 2616 671 2661 saneti
690 2621 714 2662 et
732 2616 835 2672 gloriam

57 2693 103 2738 filii
115 2692 166 2739 dei:
