1819 2972
68 112 151 153 CHAP.
160 112 207 160 IX.]
292 110 384 152 ACTUs
397 109 624 151 DISCIPULORUM.
821 100 850 146 17

100 240 249 298 Respondit:
262 239 318 296 Ego
329 239 472 296 lapidabam
482 238 638 295 stephanum.

73 312 291 371 Responderunt
305 311 435 369 discipuli.
414 310 579 367 iQuomodo
595 310 698 366 gloriam
714 308 848 366 spirituum

68 385 176 432 filiorum
191 386 229 431 dei
243 386 377 444 lapidando
391 387 539 444 stephanum
553 384 651 430 sciebas.

100 456 249 515 Respondit:
268 458 322 515 Ego
340 458 444 515 gloriam
460 456 595 515 spirituum
611 456 720 501 filiorum
736 455 775 501 dei
792 433 847 500 uidi

69 531 96 576 11
109 531 269 588 lapidandos
257 532 411 589 stephanum.

100 601 290 660 Responderunt
306 601 434 659 discipuli:
452 601 577 657 Quomodo
594 601 698 657 gloriam
712 599 847 658 spirituum

67 674 175 720 filiorum
188 675 227 721 dei
239 674 328 720 uidisti
339 675 365 720 in
378 674 513 732 lapidando
525 674 680 730 stephanum.

100 746 249 804 Respondit:
261 746 310 792 Per
322 747 424 804 gloriam
436 745 540 803 spiritus
552 744 673 803 stephani.

100 817 291 876 Responderunt
306 818 434 876 diseipuli:
452 817 577 873 Quomodo
593 816 698 874 gloriam
712 816 847 874 spirituum

68 890 176 937 filiorum
186 890 227 936 dei
238 890 326 937 uidisti
336 905 381 948 per
393 890 498 947 gloriam
508 889 613 947 spiritus
624 890 745 947 stephani.

99 962 248 1020 Respondit:
260 962 309 1008 Per
320 962 425 1020 gloriam
436 961 540 1019 spiritus
551 962 666 1019 stephani
677 961 731 1008 uidi
743 961 847 1018 gloriam

68 1035 203 1093 spirituum
214 1034 323 1080 filiorum
336 1035 382 1081 dei.

100 1106 290 1165 Responderunt
301 1106 429 1164 discipuli:
441 1106 508 1152 Ante
519 1107 563 1152 1111
575 1106 636 1163 quid
647 1106 761 1152 faciebas.

99 1178 248 1236 Respondit:
265 1179 320 1235 Ego
335 1179 499 1236 persequebar
514 1178 622 1224 1111111111
637 1179 679 1235 qui
696 1177 847 1234 euangeliza-

68 1251 129 1297 bant
141 1251 245 1308 gloriam
256 1251 392 1309 spirituum
404 1250 484 1308 patris
497 1257 521 1297 et
534 1251 638 1307 gloriam
651 1251 754 1308 spiritus
766 1250 846 1297 saneti

69 1328 94 1369 et
105 1324 209 1380 gloriam
217 1323 264 1368 filii
276 1323 322 1368 dei.

99 1394 290 1452 Responderunt
307 1394 435 1452 diseipuli:
453 1395 560 1451 Propter
578 1396 643 1452 quod
661 1395 846 1451 persequebaris

68 1467 174 1512 hominis
188 1467 231 1523 qui
245 1466 447 1524 euangelizabant
459 1467 565 1524 gloriam
579 1467 713 1524 spirituum
728 1467 807 1524 patris
823 1469 846 1513 et

68 1539 172 1596 gloriam
183 1539 287 1596 spiritus
298 1539 378 1585 saneti
390 1544 415 1585 et
426 1539 530 1596 gloriam
540 1539 586 1584 filii
599 1539 645 1585 dei.

99 1611 248 1668 Respondit:
268 1611 436 1667 Persequebar
454 1610 561 1657 bominis
581 1611 624 1668 qui
642 1611 846 1668 euangelizabant

68 1683 172 1740 gloriam
187 1683 321 1741 spirituum
335 1684 414 1741 patris
430 1688 454 1729 et
470 1684 573 1740 gloriam
588 1684 693 1741 spiritus
706 1689 807 1730 sanetus
822 1687 846 1730 et

68 1756 172 1812 gloriam
185 1755 231 1800 filii
247 1756 286 1801 dei
302 1756 361 1811 quia
375 1756 506 1813 spiritibus
521 1757 657 1802 serbiebam
672 1756 786 1813 malignis
803 1755 846 1812 qui

67 1828 172 1873 hodiunt
185 1827 290 1884 spiritus
301 1828 428 1873 hominum
441 1828 483 1884 qui
497 1827 668 1884 euangelizant
681 1828 784 1885 gloriam
796 1828 845 1886 spi-

14 1960 16 1963 ,
68 1900 164 1945 rituum
178 1899 257 1957 patris
272 1904 297 1945 et
312 1899 416 1955 gloriam
431 1899 535 1957 spiritus
549 1900 628 1946 saneti
644 1905 669 1946 et
682 1900 786 1956 gloriam
799 1900 846 1945 filii

68 1972 114 2017 dei.

99 2042 290 2101 Responderunt
309 2043 439 2098 discipuli:
462 2042 626 2098 Quamobrem
647 2043 776 2101 spiritibus
797 2058 846 2090 ser-

67 2115 149 2161 biebas
162 2114 277 2171 malignis
289 2115 332 2172 qui
344 2115 448 2172 spiritus
460 2116 587 2161 hominum
598 2116 712 2162 hodiunt.

99 2186 248 2244 Respondit:
266 2187 320 2243 Ego
338 2187 468 2243 querebam
484 2187 588 2244 gloriam
603 2202 688 2233 meam.

9 2273 12 2278 “
99 2258 289 2316 Responderunt
307 2258 435 2316 diseipuli:
454 2259 560 2315 Propter
578 2261 643 2316 quod
661 2261 780 2316 querebas
794 2260 846 2316 glo-

68 2331 132 2376 riam
142 2336 218 2377 tuam.

99 2402 247 2459 Respondit:
263 2402 399 2457 Querebam
413 2403 516 2459 gloriam
529 2418 608 2449 meam
621 2419 666 2461 per
680 2404 784 2461 spiritus
796 2419 845 2449 ma-

67 2475 148 2531 lignos
160 2476 202 2532 qui
214 2475 318 2532 spiritus
328 2475 457 2521 bominum
468 2476 580 2521 hodiunt.

99 2546 290 2604 Responderunt
310 2547 438 2604 diseipuli:
460 2546 585 2602 Quomodo
606 2549 724 2606 querebas
742 2548 846 2605 gloriam

67 2622 144 2664 tuam.

99 2689 247 2746 Respondit:
263 2689 400 2744 Querebam
414 2690 517 2747 gloriam
531 2706 610 2737 meam
623 2693 653 2737 ab
667 2691 812 2737 hominibus.
