1912 2987
123 161 153 207 36
348 170 440 211 ACTUS
453 170 679 211 DISCIPULORUM.
744 170 834 218 [CHAP.
843 168 905 218 XIX.

158 301 349 359 Responderunt
365 300 493 357 disoipuli:
511 300 597 347 Gratia
612 300 716 358 spiritus
731 300 808 347 saneti
825 299 904 345 solbat

126 377 230 435 spiritus
249 376 378 423 ‘hominum
399 376 514 423 iaciendo
534 376 639 434 spiritus
658 376 786 422 hominum
807 376 904 422 eredere

127 450 230 507 spiritus
245 449 324 496 saneti
338 450 451 495 sermoni.

158 538 348 595 Responderunt
363 537 453 583 sorite:
470 536 595 593 Quomodo
611 528 693 594 gratia
706 530 810 594 spiritus
825 535 904 582 saneti

127 613 188 660 iaoit
200 613 304 670 spiritus
314 612 442 659 hominum
454 615 551 660 eredere
563 612 667 671 spiritus
678 614 757 660 saneti
768 611 880 659 sermoni.

157 702 347 758 Responderunt
360 701 488 759 discipuli:
502 701 550 757 Qui
561 701 664 759 spiritus
677 701 756 747 saneti
768 714 903 747 sermonem

126 777 279 823 serbaberint
294 777 457 823 salbabuntur
472 777 503 822 ab
520 776 650 842 spiritibus
665 776 780 833 malignis
796 778 839 833 qui
855 775 904 833 spi-

126 852 190 898 ritus
202 852 330 897 hominum
342 852 449 909 gratiam
460 852 565 910 spiritus
577 852 656 898 saneti
669 867 784 910 spernere
798 851 902 897 taoiunt.

157 939 347 996 Responderunt
359 939 450 985 soribe:
465 938 590 994 Quomodo
602 939 700 985 faciunt
711 939 815 997 spiritus
827 939 903 983 homi-

125 1030 186 1059 num
198 1014 304 1070 gratiam
317 1014 421 1071 spiritus
434 1015 514 1060 saneti
527 1029 649 1071 spernere.

156 1080 347 1158 Responderunt
359 1101 487 1158 disoipuli:
501 1102 550 1147 Per
562 1101 739 1147 infidelitatem.

156 1188 346 1244 Responderunt
356 1188 447 1233 soribe:
460 1187 585 1242 Quomodo
596 1188 700 1245 spiritus
709 1188 836 1234 hominum
848 1201 902 1243 gra-

124 1262 185 1307 tiam
196 1263 300 1318 spiritus
311 1263 389 1308 saneti
400 1277 515 1318 spernere
527 1263 625 1309 iaoiunt
635 1278 680 1321 per
691 1263 869 1309 infidelitatem.

155 1349 345 1405 Responderunt
358 1349 486 1405 disoipuli:
500 1349 548 1403 Qui
559 1350 662 1406 spiritus
675 1350 754 1395 saneti
766 1363 901 1395 sermonem

123 1428 245 1479 spernunt
259 1429 381 1480 spernunt
395 1424 502 1480 gratiam
514 1424 618 1481 spiritus
632 1425 717 1470 saneti.
806 1479 809 1482 ,

154 1509 345 1567 Responderunt
354 1510 444 1556 scribe:
456 1509 505 1566 oui
516 1510 622 1567 gratiam
632 1511 736 1568 spiritus
746 1511 824 1557 saneti
835 1524 900 1568 sper-

123 1591 194 1632 nunt.

154 1674 344 1732 Responderunt
356 1675 483 1732 disoipuli:
497 1675 546 1732 Qui
557 1660 660 1733 gloriam
672 1691 742 1722 suam
753 1680 867 1733 querunt.

154 1758 344 1816 Responderunt
357 1760 446 1806 seribe:
461 1760 510 1817 Qui
523 1762 626 1818 gloriam
639 1776 708 1807 suam
722 1766 836 1818 querunt.

154 1843 344 1900 Responderunt
359 1845 486 1902 disoipuli:
504 1845 552 1900 Qui
566 1852 687 1903 spernunt
702 1847 807 1903 spiritus
820 1847 899 1893 saneti

123 1933 263 1965 sermonem.

153 2007 344 2065 Responderunt
363 2007 453 2053 soribe:
475 2006 523 2062 Qui
543 2006 647 2065 spiritus
666 2008 745 2054 saneti
765 2021 899 2053 sermonem

122 2087 250 2139 spernunt.

153 2165 343 2222 Responderunt
357 2165 484 2222 disoipuli:
498 2165 546 2221 Qui
559 2166 663 2221 gloriam
674 2182 744 2212 suam
756 2172 870 2222 querunt.

153 2249 343 2304 Responderunt
362 2251 452 2295 seribe:
474 2250 522 2304 Qut
542 2249 647 2307 spiritus
666 2251 745 2296 saneti
764 2264 899 2296 sermonem

121 2324 227 2369 serbant,

152 2412 342 2469 Responderunt
354 2410 482 2466 discipuli:
497 2409 545 2464 oui
558 2410 661 2465 gloriam
672 2410 806 2467 spirituum
818 2409 898 2467 patris

121 2491 145 2532 et
157 2486 260 2542 gloriam
271 2486 375 2543 spiritus
386 2486 465 2530 saneti
476 2490 501 2530 et
511 2485 616 2540 gloriam
625 2486 671 2529 filii
684 2486 723 2531 dei
735 2491 849 2540 querunt.

151 2569 210 2614 Post
224 2570 267 2614 heo
283 2568 398 2625 disoipuli
413 2568 614 2624 euangelizabant
628 2569 756 2625 spiritibus
770 2569 898 2613 hominum

120 2658 165 2700 per
181 2643 298 2700 spiritum
313 2647 426 2687 sanetum
442 2642 546 2698 gloriam
561 2643 696 2699 spirituum
712 2643 793 2699 patris
806 2649 831 2689 et
848 2643 897 2699 glo-

120 2718 183 2763 riam
193 2717 296 2773 spiritus
305 2717 385 2763 saneti
397 2721 421 2763 et
431 2716 534 2773 gloriam
544 2717 590 2762 filii
602 2717 653 2762 dei:
