1912 2987
373 376 525 459 asinula
540 376 657 445 ,11111111

160 538 197 582 ΙΝ
210 537 342 582 NOMINE
357 537 483 591 DOMINI
496 537 619 582 NCSTRI
633 535 740 581 IHESU
755 532 905 581 CHRISTI:

129 600 258 645 INCIPIT
273 599 442 645 EPISTULA
457 599 576 645 IACOBI
591 598 764 644 DISCIPULI
779 595 906 641 DOMINI

128 662 250 707 NCSTRI
269 661 375 707 IHESU
394 661 531 707 CHRISTI
550 661 608 716 QUI
627 659 781 706 &nomam
799 658 906 704 SPIRI-

129 724 222 769 TUUM
238 723 360 768 PATRIS
378 724 421 768 ET
440 722 594 769 CLORIAM
610 722 763 768 SPIRITUS
782 720 904 767 sanem

128 787 172 831 ET
186 785 339 832 GLORIAE
351 786 436 838 FILII
448 785 509 830 DEI
522 784 625 830 UIDIT.

159 874 173 920 l
189 874 293 921 Iacobus
308 873 445 932 discipulus
461 873 553 921 domini
568 873 637 920 ihesu
653 887 698 932 per
712 871 819 931 gratiam
833 870 904 930 spiri-

127 945 169 986 tus
181 940 259 986 saneti
273 939 425 997 euangelizat
437 939 566 997 spiritilms
579 937 705 985 hominum
718 937 822 995 gloriam
834 935 906 995 spiri-

128 1009 200 1050 tuum
211 1004 291 1061 patris
303 1009 327 1050 et
338 1004 442 1060 gloriam
453 1003 556 1060 spiritus
568 1003 647 1049 saneti
659 1008 682 1049 et
694 1001 798 1060 gloriam
807 1001 854 1047 filii
866 1000 905 1046 dei

128 1083 173 1125 per
184 1067 300 1124 spiritum
311 1072 429 1112 sanetum.

160 1130 173 1173 2
191 1129 240 1185 Qui
253 1129 356 1187 spiritus
370 1130 448 1175 saneti
462 1144 597 1175 sermonem
610 1129 762 1175 serbaberint
775 1143 821 1186 per
833 1125 905 1185 spiri-

127 1198 181 1239 tum
188 1197 299 1239 sanetum
307 1197 486 1249 oonsequentur
500 1208 545 1250 per
560 1192 677 1250 spiritum
683 1196 795 1237 sanetum
802 1191 905 1248 gloriam

128 1257 262 1313 spirituum
280 1257 360 1313 patris
378 1262 401 1302 et
419 1256 522 1311 gloriam
540 1256 645 1313 spiritus-
662 1256 741 1302 sanoti
759 1261 784 1301 et
801 1255 905 1311 gloriam

127 1318 173 1363 filii
186 1319 236 1363 dei:

158 1380 172 1424 3
191 1380 238 1435 Qui
250 1381 348 1426 salbant
358 1381 461 1436 spiritus
471 1381 598 1425 hominum
610 1382 639 1426 ab
651 1380 780 1437 spiritibus
789 1378 904 1435 malignis

127 1458 172 1499 per
187 1444 290 1499 spiritus
304 1443 383 1488 saneti
398 1458 533 1488 sermonem
549 1457 620 1498 quem
634 1444 764 1500 spiritibus
778 1443 908 1502 hominum·

128 1505 242 1550 dominus
252 1505 334 1549 ihesus
345 1506 440 1550 loeutus
453 1511 495 1550 est.

157 1565 294 1622 lPropter
318 1567 384 1621 quod
406 1567 536 1622 spiritibus
558 1567 684 1612 hominum
707 1567 902 1623 euangelizamus

127 1629 230 1684 spiritus
243 1629 322 1673 saneti
335 1643 482 1673 sermonem:

159 1689 172 1732 5
189 1689 224 1735 Ut
237 1690 341 1746 spiritus
353 1690 480 1734 hominum
493 1690 620 1735 sallientur
633 1692 663 1735 ab
677 1690 806 1746 spiritibus
819 1690 904 1746 malig-

126 1752 166 1797 nis
180 1752 222 1808 qui
237 1752 334 1797 faciunt
347 1752 453 1809 spiritus
465 1753 592 1797 hominum
606 1753 735 1810 spiritibus
749 1754 840 1798 serbire
855 1767 903 1797 ma-

126 1816 201 1874 lignis
222 1816 265 1873 qui
286 1816 392 1863 lrodiunt
414 1815 518 1874 spiritus
538 1816 666 1863 hominum
688 1831 747 1874 quos
769 1815 904 1873 spirituum

126 1886 197 1939 pater
211 1886 235 1927 et
246 1880 350 1938 spiritus
361 1885 461 1927 sanetus
472 1886 496 1927 et
507 1880 572 1927 filius
586 1882 625 1927 (lei
638 1881 753 1939 diligunt.

158 1944 171 1988 6
188 1944 259 1991 Beati
278 1945 320 2001 qui
339 1950 447 2000 querunt
465 1945 569 2001 gloriam
586 1946 720 2002 spirituum
736 1945 845 1991 filiorum
863 1944 902 1991 dei

127 2009 242 2064 quoniam
258 2013 437 2064 consequentur
452 2009 556 2065 gloriam
570 2009 705 2066 spirituum
720 2010 799 2066 patris
815 2015 840 2056 et
854 2009 903 2065 glo-

126 2072 189 2116 riam
210 2072 312 2128 spiritus
332 2071 411 2117 saneti
431 2077 454 2117 et
475 2072 579 2128 gloriam
596 2072 643 2118 filii
664 2073 703 2118 dei
722 2087 767 2129 per
787 2072 903 2130 spiritum

126 2139 244 2180 sanet-um.

158 2196 295 2253 IPropter
317 2198 383 2253 quod
406 2197 536 2252 spiritibus
558 2198 685 2243 hominum
708 2197 903 2254 euangelizamus

126 2260 229 2315 gloriam
248 2260 382 2315 spirituum
400 2261 478 2317 patris
498 2266 521 2306 et
540 2262 643 2317 gloriam
660 2262 763 2318 spiritus
781 2262 860 2307 saneti
879 2264 902 2306 et

125 2322 229 2377 gloriam
240 2323 286 2367 filii
301 2322 352 2367 dei:

158 2384 170 2426 8
187 2384 222 2429 Ut
236 2385 339 2440 spiritus
351 2385 479 2429 hominum
492 2385 618 2431 sallientur
631 2387 661 2431 ab
675 2385 806 2443 spiritibus
818 2387 902 2443 malig-
953 2392 954 2395 ’

125 2445 165 2490 nis
177 2450 201 2491 et
214 2451 395 2502 oonsequantur
408 2447 512 2502 gloriam
524 2448 658 2503 spirituum
671 2449 751 2505 patris-
763 2454 787 2495 et
800 2449 903 2505 gloriam

125 2508 229 2563 spiritus
241 2509 319 2553 saneti
333 2514 358 2553 et
370 2509 474 2563 gloriam
485 2508 531 2554 filii
545 2510 584 2554 dei
596 2525 641 2566 per
653 2510 771 2567 spiritum
782 2516 901 2556 sanetum.

157 2569 171 2612 9
189 2568 237 2623 Qui
250 2569 354 2625 spiritus
366 2570 445 2615 saneti
459 2584 594 2615 sermonem
607 2572 760 2618 serbaberint
773 2587 817 2628 per
831 2572 903 2628 spiri-

125 2637 180 2678 tum
192 2637 306 2678 sanetum
319 2633 483 2679 salbabuntur
497 2634 527 2679 ab
541 2633 640 2680 inimioo
655 2636 697 2692 qui
711 2635 814 2693 spiritus
827 2635 902 2681 homi-

125 2712 185 2744 num
195 2697 266 2744 hodit
278 2702 303 2744 et
312 2702 424 2755 temptat.
