1819 2972
41 135 176 182 CHARVL]
261 133 354 174 ACTUS
367 133 594 174 DISCIPULORUM.
725 183 727 185 v
808 124 822 169 9

72 265 101 310 Za
118 264 153 310 Ut
166 263 271 322 spiritus
282 263 410 309 hominum
424 264 551 310 saibentur
564 278 609 321 per
622 262 726 320 spiritus
740 261 819 309 saneti

41 354 176 389 sermonem
195 340 227 385 ab
244 339 376 397 spiritibus
393 339 509 396 malignis
528 339 571 396 qui
590 339 696 385 hodiunt
716 338 820 395 spiritus

40 415 173 463 hominum.

71 491 85 535 3
103 490 138 536 Et
152 490 218 546 greci
233 489 350 536 dixerunt
364 489 504 548 disoipuiis:
521 488 647 545 Quomodo
660 489 765 548 spiritus
777 490 820 535 ho-

41 566 136 613 minum
147 565 311 611 salbabuntur
322 565 352 611 ab
364 565 495 623 spiritibus
506 565 627 623 malignis.

70 640 86 685 4
102 640 138 686 Et
148 639 264 698 discipuli
276 640 392 687 dixerunt
404 640 494 697 grecis:
507 639 555 695 Qui
566 639 671 698 spiritus
681 640 760 686 saneti
770 654 818 686 ser-

40 730 136 763 monem
148 716 301 777 serbaberint
312 717 476 762 salbabuntur
489 717 518 762 ab
532 716 662 774 spiritibus
674 716 795 773 malignis.

38 836 40 840 ,
71 791 85 835 5
102 791 292 847 Responderunt
302 792 382 848 ¹greci:
396 790 522 847 Quomodo
533 791 638 849 spiritus
649 791 728 838 saneti
739 805 818 837 sermo

40 866 146 913 salbebit
156 865 261 923 spiritus
270 867 397 913 hominum
409 868 439 913 ab
451 867 581 923 spiritibus
592 867 713 924 malignis.

71 941 84 985 6
101 941 291 998 Responderunt
303 942 432 1000 discipuli:
446 942 495 989 Per
507 941 816 1000 gratiamspiritussanoti.

71 1017 84 1061 7
101 1016 291 1073 Responderunt
303 1018 382 1074 greoi:
395 1017 520 1073 Quomodo
532 1018 612 1074 gratia
624 1018 727 1076 spiritus
738 1016 818 1064 saneti

39 1094 145 1141 salbabit
154 1094 260 1154 ,spiritus
273 1094 402 1140 hominum
415 1094 445 1139 ab
459 1093 590 1151 spiritibus
602 1093 724 1150 malignis.

72 1169 85 1213 8
102 1169 293 1226 Responderunt
308 1167 436 1225 disoipuli:
454 1168 503 1223 Qui
517 1168 621 1226 spiritus
636 1169 715 1214 saneti
730 1182 818 1214 sermo-

39 1259 96 1290 nem
106 1244 260 1290 serbaberint
274 1248 453 1300 consequentur
465 1244 572 1300 gratiam
583 1244 687 1300 spiritus
700 1241 786 1290 saneti.

71 1318 84 1363 9
101 1318 292 1375 Responderunt
309 1318 387 1375 greci:
406 1317 531 1374 Quomodo
549 1318 631 1375 gratia
647 1318 754 1365 saltabit
769 1318 817 1377 spi-

40 1393 104 1440 ritus
114 1394 241 1439 hominum
250 1394 282 1439 ab
293 1393 423 1450 spiritibus
433 1394 555 1451 malignis.

70 1468 100 1511 10
116 1467 307 1525 Responderunt
326 1468 454 1526 discipuli:
474 1468 524 1524 Qui
541 1469 645 1526 spiritus
664 1469 743 1515 saneti
763 1483 816 1526 gra-

38 1545 99 1591 tiam
111 1550 291 1601 eonsequentur
304 1545 409 1590 eredunt
420 1544 524 1601 spiritus
535 1544 615 1590 saneti
628 1545 740 1590 sermoni.

71 1620 100 1664 11
116 1619 307 1677 Responderunt
318 1618 396 1676 greoi:
411 1617 478 1674 Quid
489 1624 525 1665 est
538 1618 625 1676 gratia.
697 1652 698 1655 η

69 1694 99 1738 12
115 1694 306 1750 Responderunt
328 1692 456 1751 discipuli:
481 1693 568 1739 Gratia
589 1699 625 1740 est
647 1693 745 1739 dileetio
767 1693 816 1752 spi-

39 1769 102 1815 ritus
115 1768 201 1815 saneti.

69 1843 98 1887 13
115 1842 307 1898 Responderunt
330 1843 410 1899 greci:
437 1841 562 1897 Quomodo
589 1843 688 1890 dileetio
712 1843 816 1900 spiritus

4 1966 6 1969 .
38 1920 117 1964 saneti
130 1918 235 1964 salbabit
248 1918 352 1975 spiritus
365 1918 492 1964 hominum
506 1919 536 1964 ab
550 1918 680 1975 spiritibus
693 1919 816 1976 malignis.

69 1995 99 2039 14
115 1995 294 2052 Reponderunt
308 1992 436 2049 discipuli:
453 1992 501 2047 Qui
515 1993 620 2050 spiritus
633 1993 713 2039 saneti
727 2008 816 2039 sermo-

37 2085 93 2115 nem
105 2069 258 2116 serbaberint
272 2068 378 2126 gratiam
390 2068 493 2125 spiritus
506 2068 585 2114 saneti
598 2073 784 2125 eonsequentur.

69 2144 99 2189 15
115 2144 305 2200 Responderunt
317 2142 396 2199 greci:
411 2141 536 2198 Quomodo
548 2144 699 2190 serbabimus
711 2144 815 2202 spiritus

38 2220 116 2266 saneti
128 2233 269 2265 sermonem.

69 2293 98 2337 16
115 2293 304 2350 Responderunt
334 2291 464 2349 discipuli:
495 2292 544 2338 Per
575 2291 681 2350 gratiam
711 2289 814 2351 spiritus

38 2372 123 2418 saneti.

69 2450 97 2493 17
115 2449 305 2503 Responderunt
323 2447 401 2504 greoi:
422 2447 547 2502 Quomodo
567 2463 742 2506 consequemur
756 2442 815 2506 ⁸gra-

37 2527 98 2573 tiam
110 2527 213 2584 spiritus
224 2526 310 2572 saneti.

68 2605 98 2648 18
114 2604 305 2660 Responderunt
323 2604 451 2660 diseipuii:
470 2604 519 2650 Per
538 2605 693 2651 dileetionem
711 2606 814 2663 spiritus

38 2683 123 2728 saneti.
156 2682 191 2728 Et
203 2681 367 2728 discesserunt
378 2681 450 2738 greoi.
