1912 2987
104 149 134 193 32
328 159 420 199 uerus
433 158 659 218 niscrrunoaom
717 155 887 223 [curemur.

137 287 327 345 Responderunt
340 288 468 346 discipuli:
481 288 529 334 Per
542 288 649 345 gratiam
659 287 762 346 spiritus
775 288 860 335 sancti.

137 357 328 414 Responderunt
342 358 431 404 scribe:
448 356 574 413 Quomodo
589 371 764 414 consequemur
778 357 884 415 gratiam

107 426 212 483 spiritus
223 427 308 472 sancti.

138 495 328 552 Responderunt
358 494 487 553 discipuli:
517 494 565 541 Per
596 495 751 542 dilectionem
780 493 884 552 spiritus

108 565 193 611 sancti.

139 634 329 692 Responderunt
347 633 439 679 scribe:
461 630 590 689 Quomodo
606 633 762 680 dilectionem
781 633 884 691 spiritus

108 704 187 749 sancti
198 717 379 760 consequemur.

139 772 328 829 Responderunt
341 771 469 829 discipuli:
483 771 531 828 Qui
544 771 647 830 spiritus
659 771 739 818 sancti
751 785 884 818 sermonem

108 841 260 888 serbaberint
274 845 454 898 consequentur
467 841 622 887 dilectionem
635 841 739 898 spiritus
751 841 837 887 sancti.

139 910 329 968 Responderunt
342 910 432 956 scribe:
448 909 574 966 Quomodo
587 910 691 968 spiritus
704 910 783 957 sancti
798 924 885 955 sermo-

108 994 164 1025 nem
174 979 331 1025 serbabimus.

139 1047 329 1105 Responderunt
346 1047 474 1104 discipuli:
491 1047 540 1094 Per
556 1047 662 1105 gratiam
678 1048 782 1105 spiritus
798 1047 884 1094 sancti.

139 1116 329 1172 Responderunt
360 1116 451 1162 scribe:
485 1115 610 1172 Quomodo
643 1116 750 1172 gratiam
782 1116 885 1173 spiritus

108 1186 187 1231 sancti
200 1199 375 1241 consequemur
385 1200 432 1242 per
444 1185 562 1242 spiritum
572 1188 692 1231 sanctum.

139 1253 329 1310 Responderunt
351 1253 480 1310 discipuli:
503 1252 551 1308 Qui
571 1253 677 1311 spiritus
697 1253 776 1299 sancti
798 1267 886 1298 sermo-

108 1336 164 1367 nem
176 1321 330 1368 serbaberint
342 1327 521 1378 consequentur
534 1314 640 1379 gratiam
652 1321 756 1379 spiritus
767 1321 853 1367 sancti.

139 1392 330 1448 Responderunt
349 1392 439 1437 scribe:
461 1391 510 1446 Qui
528 1392 633 1449 spiritus
651 1393 731 1438 saneti
751 1406 885 1438 sermonem

107 1461 213 1506 serbant.

139 1528 330 1586 Responderunt
349 1528 477 1586 discipuli:
498 1528 546 1584 Qui
565 1534 673 1586 querunt
692 1529 796 1585 gloriam
814 1529 885 1586 spiri-

110 1603 181 1644 tuum
192 1598 271 1656 patris
282 1603 306 1644 et
317 1598 421 1655 gloriam
431 1598 534 1656 spiritus
545 1598 624 1644 sancti
633 1603 658 1644 et
670 1598 774 1655 gloriam
782 1598 829 1643 filii
840 1597 886 1645 dei.

140 1667 331 1725 Responderunt
344 1668 435 1714 scribe:
451 1667 500 1724 Qui
514 1673 621 1726 querunt
635 1667 738 1726 gloriam
753 1667 888 1725 spirituum

109 1738 190 1796 patris
203 1744 227 1785 et
240 1739 345 1795 gloriam
358 1737 460 1797 spiritus
475 1739 553 1786 saneti
568 1743 593 1785 et
607 1738 710 1796 gloriam
723 1738 769 1784 filii
783 1738 822 1785 dei
837 1737 887 1785 dia-

110 1808 193 1855 bolum
203 1809 301 1855 habent.

140 1877 330 1935 Responderunt
349 1877 478 1935 discipuli:
498 1877 547 1933 Qui
566 1883 673 1935 querunt
692 1877 796 1934 gloriam
814 1877 886 1936 spiri-

109 1953 181 1994 tuum
192 1948 272 2005 patris
284 1953 309 1994 et
320 1948 424 2004 gloriam
434 1947 538 2005 spiritus
548 1948 628 1994 sancti
639 1953 664 1994 et
676 1948 779 2005 gloriam
789 1947 835 1994 filii
847 1947 887 1995 dei

108 2017 248 2073 glorificant
257 2016 392 2074 spirituum
401 2022 498 2074 patrem
509 2022 532 2063 et
543 2017 683 2074 glorificant
692 2018 809 2075 spiritum
818 2032 886 2064 sanc-

108 2092 163 2132 tum
176 2090 200 2132 et
212 2086 352 2143 glorificant
362 2085 442 2131 filium
455 2085 500 2132 dci.
886 2086 889 2093 ’

140 2154 331 2212 Responderunt
350 2154 441 2201 scribe:
463 2153 512 2210 Qui
532 2153 671 2211 glorificant
691 2154 826 2212 spirituum
844 2169 886 2212 pa-

108 2229 173 2270 trem
185 2229 208 2270 et
221 2224 360 2280 glorificant
371 2224 487 2280 spiritum
497 2229 611 2270 sanctum
623 2229 647 2271 et
657 2224 797 2280 glorificant
807 2224 887 2270 filium

109 2294 149 2339 dei
161 2293 285 2339 diabolum
295 2293 393 2339 habent.

139 2362 331 2420 Responderunt
345 2360 473 2419 discipuli:
490 2361 538 2417 Qui
553 2361 677 2409 diabolum
690 2363 783 2409 habent
796 2362 885 2421 glorifi-

109 2437 166 2478 cant
181 2432 312 2478 diabolum.

140 2507 330 2565 Responderunt
350 2506 439 2553 scribe:
461 2505 510 2562 Qui
531 2506 670 2563 glorificant
689 2507 824 2565 spirituum
844 2522 886 2565 pa-

108 2583 172 2623 trem
184 2581 208 2622 et
220 2576 358 2633 glorificant
369 2576 486 2633 spiritum
498 2581 610 2622 sanctum
622 2581 647 2623 et
657 2577 796 2634 glorificant
807 2577 886 2623 filium
954 2639 956 2641 ‚

109 2646 155 2692 dei.

140 2714 331 2772 Responderunt
344 2713 471 2771 discipuli:
486 2711 534 2768 Qui
545 2712 650 2769 spiritus
661 2715 740 2760 sancti
752 2728 887 2761 sermonem
