1819 2972
58 165 86 210 18
281 176 611 217 111111111111111111.
701 176 851 224 [111111.-

90 303 280 361 Responderunt
292 303 420 361 discipuli:
433 303 528 359 Quibus
539 305 570 351 ab
580 304 721 351 hominibus
733 303 836 361 gloriam

59 377 129 419 tuam
140 374 264 430 querebas.

90 442 238 500 Respondit:
251 443 305 500 Ego
317 443 448 499 querebam
455 443 559 500 gloriam
564 457 644 489 meam
655 445 684 490 ab
696 442 835 489 hominibus
881 442 883 445 ’

59 513 102 568 qui
114 512 245 568 spiritibus
257 512 397 559 serbiebant
408 513 524 569 malignis
537 512 580 570 qui
592 512 697 570 spiritus
709 512 837 559 hominum

57 582 170 628 hodiunt.

89 652 279 709 Responderunt
300 651 429 708 discipuli:
448 651 515 698 Ante
534 653 579 698 hoo
599 650 722 698 serbibisti
742 650 836 709 spiriti-

58 721 103 767 bus
120 721 234 777 malignis
250 720 293 777 qui
310 721 413 778 spiritus
428 721 555 766 hominum
571 721 683 768 hodiunt.
716 721 775 768 Post
790 723 835 767 hoo

58 790 147 837 serbies
161 790 261 848 spiritui
273 796 359 838 saneto
371 792 414 847 qui
426 790 531 848 spiritus
541 791 669 836 hominum
682 791 771 848 diligit.

90 860 238 915 Respondit:
251 859 300 906 Per
312 860 419 916 gratiam
429 860 534 917 spiritus
546 861 625 907 saneti
637 859 738 918 spiritui
751 863 836 906 saneto

58 930 170 976 serbiam.

89 999 280 1056 Responderunt
296 993 430 1056 disoipuli:¹
445 999 493 1045 Per
512 999 618 1056 gratiam
635 999 738 1057 spiritus
756 999 835 1045 saneti

58 1069 148 1115 serbies
160 1068 261 1126 spiritui
273 1074 357 1134 saneto
371 1069 414 1125 qui
427 1068 531 1126 spiritus
543 1069 670 1115 hominum
683 1069 771 1127 diligit.

434 1218 460 1263 X

90 1320 123 1365 Et
136 1335 181 1377 pro
194 1319 299 1375 gloriam
310 1320 446 1376 spirituum
459 1319 538 1377 patris
551 1325 575 1366 et
588 1335 635 1377 pro
648 1320 751 1376 gloriam
764 1319 835 1377 spiri-

58 1394 100 1435 tus
117 1389 197 1434 saneti
218 1394 242 1435 11
260 1404 306 1446 pro
325 1389 429 1445 gloriam
446 1389 493 1434 filii
512 1390 551 1435 dei
572 1389 688 1444 disoipuli
707 1389 835 1447 spiritibus

56 1459 184 1504 hominum
198 1458 400 1515 euangeliaabant
414 1473 459 1516 per
474 1459 591 1516 spiritum
604 1464 717 1505 sanatum
731 1459 835 1516 gloriam

58 1528 192 1585 spirituum
209 1528 289 1585 patris
307 1532 331 1573 et
350 1528 453 1584 gloriam
470 1527 573 1585 spiritus
592 1529 671 1574 saneti
690 1533 714 1574 et
732 1528 835 1585 gloriam

57 1600 103 1645 filii
115 1600 166 1645 dei:

87 1669 122 1715 Ut
134 1667 240 1726 spiritus
253 1667 380 1712 hominum
393 1666 549 1712 salbarentur
562 1667 592 1712 ab
605 1666 736 1723 spiritibus
749 1666 834 1724 malig-

57 1739 97 1784 nis
108 1739 151 1794 qui
162 1737 267 1794 spiritus
277 1737 405 1781 lrominum
415 1736 528 1781 hodiunt.

87 1807 122 1852 Et
144 1806 245 1863 quidam
266 1806 338 1851 homo
360 1805 512 1861 glorificabat
534 1804 669 1862 spirituum
690 1811 788 1862 patrem
809 1809 833 1851 et

56 1876 210 1933 glorifioabat
219 1875 338 1931 spiritum
349 1879 461 1920 sanetum
473 1879 498 1920 et
509 1873 662 1930 glorificabat
672 1874 752 1919 filium
765 1875 810 1932 dei.

87 1946 122 1990 Et
137 1944 252 2001 disoipuli
268 1943 496 1999 interrogaberunt:
512 1942 619 1999 Propter
634 1944 700 1999 quod
715 1943 834 2000 glorifiea-

56 2019 99 2064 bat
109 2017 244 2074 spirituum
253 2021 350 2072 patrem
361 2020 387 2061 et
396 2014 548 2072 glorificabat
559 2014 677 2072 spiritum
685 2020 799 2061 sanetum
810 2018 834 2061 et

56 2089 209 2144 glorificabat
219 2088 299 2132 filium
311 2088 356 2132 dei.

87 2160 236 2217 Respondit:
255 2159 310 2216 Ego
326 2158 434 2215 glorifioo
453 2158 587 2215 spirituum
604 2162 701 2216 patrem
719 2164 743 2205 et
761 2159 833 2215 glori-

55 2233 101 2279 111
112 2232 229 2289 spiritum
239 2235 353 2276 sanetum
364 2235 388 2277 et
401 2230 508 2287 glorifico
520 2230 600 2275 filium
612 2230 651 2276 dei
663 2231 721 2287 quia
732 2236 844 2277 sanatus

55 2320 116 2350 sum.

86 2376 276 2432 Responderunt
290 2374 418 2430 discipuli:
436 2372 562 2428 Quomodo
575 2378 677 2421 sanatus
691 2373 770 2420 fuisti.

86 2447 234 2503 Respondit:
248 2446 296 2492 Per
307 2446 413 2502 spiritus
423 2446 502 2491 saneti
513 2460 655 2492 sermonem.

86 2520 277 2576 Responderunt
293 2518 421 2574 disoipuli:
439 2516 564 2572 Quomodo
579 2522 682 2564 sanatus
698 2518 771 2564 fuisti
787 2533 832 2576 per

53 2592 157 2649 spiritus
170 2590 249 2636 saneti
261 2604 403 2636 sermonem.

85 2662 234 2720 Respondit:
246 2662 300 2718 Ego
312 2661 351 2706 1111
361 2660 513 2718 paraliticus.

84 2735 275 2791 Responderunt
289 2732 417 2790 diseipuli:
433 2731 559 2787 Quomodo
573 2738 673 2780 sanatus
688 2733 767 2781 111111.
