1819 2972
62 119 145 159 CHAP.
153 117 210 165 VIII
290 116 382 158 ACTUS
394 116 619 157 DISCIPULORUM.
816 107 843 152 ll

94 247 123 292 59
140 247 175 293 Et
185 246 361 304 lapidaberunt
371 246 524 304 stephanum.

94 319 139 364 aaa
155 319 190 365 Et
217 319 352 376 stephanus
379 319 507 376 respondit
534 318 632 364 scribis:
661 317 710 373 Qui
737 316 839 374 spiritus

62 393 141 440 sancti
152 406 288 437 sermonem
298 392 451 438 serbaberint
463 395 643 448 consequentur
654 390 758 448 gloriam
768 390 841 448 spiri-

24 486 26 488 *
62 471 135 511 tuum
145 463 225 521 patris
236 468 260 510 et
272 464 375 521 gloriam
387 464 490 522 spiritus
501 463 581 510 sancti
593 469 616 510 et
628 463 733 519 gloriam
742 463 789 508 filii
801 462 841 508 dei

62 526 107 595 per
119 535 236 592 spiritum
246 541 364 583 sanctum.

93 607 123 652 60
139 607 174 654 Et
190 608 236 653 hoc
253 607 319 655 dicto
335 608 439 666 spiritus
456 608 570 665 stephani
587 608 698 655 ascendit
715 608 839 653 inlocum

61 680 138 738 glorie
151 680 286 737 spirituum
298 681 407 727 filiorum
419 680 465 727 dei.

416 840 483 892 VIII

91 940 127 987 Et
143 940 222 986 scribe
239 940 356 988 dixerunt
374 941 515 998 discipulis:
533 941 593 988 Post
609 942 654 987 hoc
673 941 839 998 euangelizate

60 1012 153 1058 nemini
175 1013 279 1069 gloriam
301 1014 436 1071 spirituum
459 1014 539 1071 patris
561 1019 585 1060 et
608 1014 712 1070 gloriam
735 1014 838 1071 spiritus

1 1127 3 1131 .
60 1085 139 1131 sancti
155 1090 179 1131 et
194 1086 298 1141 gloriam
312 1086 359 1131 filii
374 1086 414 1132 dei
428 1101 475 1144 pro
490 1087 594 1143 gloriam
609 1087 744 1144 spirituum
759 1086 838 1144 patris

61 1162 85 1203 et
95 1172 140 1214 pro
151 1157 254 1214 gloriam
264 1158 368 1215 spiritus
378 1159 456 1204 sancti
467 1164 491 1205 et
502 1174 547 1216 pro
559 1159 663 1216 gloriam
672 1159 718 1204 filii
729 1159 775 1205 dei.

91 1232 126 1278 Et
142 1231 258 1289 discipuli
273 1231 391 1279 dixerunt
406 1231 504 1276 scribis:
522 1230 570 1286 Qui
586 1245 632 1288 pro
646 1230 751 1287 >gloriam
766 1229 838 1287 spiri-

60 1310 132 1350 tuum
141 1304 221 1361 patris
232 1308 256 1349 et
266 1319 313 1361 pro
321 1303 426 1360 gloriam
436 1303 541 1360 spiritus
552 1304 631 1350 sancti
642 1309 667 1350 et
677 1319 723 1361 pro
735 1303 839 1361 gloriam

58 1376 104 1421 filii
118 1376 157 1422 dei
171 1375 278 1421 animam
292 1390 362 1421 suam
374 1376 530 1433 perdiderint
543 1376 706 1422 salbabuntur
721 1377 751 1421 ab
765 1375 837 1433 spiri-

58 1448 124 1493 tibus
144 1447 259 1504 malignis
279 1452 303 1493 et
324 1452 503 1503 consequentur
522 1463 567 1504 per
587 1448 704 1505 spiritum
725 1453 837 1493 sanctum

58 1519 162 1576 gloriam
180 1519 314 1581 spirituum
331 1520 411 1576 patris
429 1524 453 1565 et
471 1519 575 1576 gloriam
592 1519 696 1577 spiritus
715 1520 794 1565 sancti
812 1522 836 1564 et

59 1582 162 1639 gloriam
172 1582 218 1627 filii
231 1582 277 1627 dei.

89 1657 280 1717 Responderunt
298 1654 389 1701 scribe:
411 1653 459 1709 Qui
478 1653 581 1710 spiritus
602 1654 682 1700 sancti
701 1668 836 1699 sermonem

57 1728 210 1774 serbaberint
223 1727 386 1773 salbabuntur
401 1727 430 1772 ab
445 1726 574 1783 spiritibus
590 1726 710 1783 malignis.

88 1800 279 1857 Responderunt
301 1798 417 1855 discipuli
438 1797 536 1843 scribis:
560 1797 609 1853 Qui
630 1798 734 1855 spiritus
756 1797 835 1843 sancti

56 1887 191 1917 sermonem
198 1870 350 1917 serbaberint
362 1871 526 1916 salbabuntur
540 1871 569 1915 ab
584 1870 714 1926 spiritibus
720 1870 834 1927 malignis

22 1974 24 1977 ι
57 1944 99 2000 qui
111 1943 214 2001 spiritus
224 1943 351 1988 hominum
361 1942 491 1999 spiritibus
501 1942 592 1988 serbire
604 1942 719 1999 malignis
729 1942 833 1988 faciunt.

88 2015 278 2073 Responderunt
288 2014 378 2060 scribe:
392 2013 440 2068 Qui
450 2014 562 2060 serqunt
572 2014 703 2071 spiritibus
712 2013 833 2070 malignis.

86 2087 277 2144 Responderunt
301 2085 417 2142 discipuli
441 2085 538 2131 scribis:
565 2085 614 2141 Qui
637 2086 741 2142 gloriam
764 2100 834 2131 suam

56 2164 164 2215 querunt
174 2158 304 2216 spiritibus
313 2158 427 2204 serbiunt
436 2157 557 2214 malignis.

85 2230 276 2287 Responderunt
287 2230 379 2275 scribe:
394 2228 441 2284 Qui
454 2229 560 2286 gloriam
572 2244 641 2275 suam
654 2234 769 2286 querunt.
804 2275 806 2278 Α

85 2301 275 2359 Responderunt
299 2301 415 2358 discipuli
438 2300 536 2346 scribis:
561 2300 610 2356 Qui
632 2301 761 2358 spiritibus
785 2317 833 2348 ser-

54 2373 126 2420 biunt
139 2374 253 2430 malignis
266 2373 371 2430 gloriam
382 2387 451 2418 suam
465 2378 579 2429 querunt.

85 2445 276 2502 Responderunt
290 2445 380 2491 scribe:
397 2444 446 2500 Qui
460 2445 564 2500 gloriam
577 2460 647 2491 suam
662 2451 769 2502 querunt
783 2444 832 2503 spi-

54 2518 144 2563 ritibus
156 2518 268 2563 serbiunt
279 2516 401 2573 malignis.

85 2592 275 2650 Responderunt
298 2590 414 2648 discipuli
436 2591 534 2637 scribis:
557 2590 606 2646 Qui
627 2591 730 2649 spiritus
752 2591 832 2637 sancti

53 2682 187 2714 sermonem
200 2666 354 2713 serbaberint
368 2667 531 2712 salbabuntur
546 2668 575 2713 ab
590 2668 688 2714 inimico
704 2669 747 2725 qui
760 2668 831 2714 hodit
