1819 2972
304 176 634 218 acrusorscrruuouuu.
730 177 858 224 [curru.

453 306 481 352 Π

115 403 270 462 [Capitulum
284 420 335 452 ooo
347 406 476 453 irtrreoitur
489 406 517 452 in
530 407 611 454 oodioe
625 403 806 463 Torropoaeosi
819 417 855 450 re·
906 411 908 449 ἲ

79 483 189 541 scriptu]
907 477 908 481 ’

445 613 488 658 ΠΙ

110 716 123 759 1
140 715 174 761 Ε1
186 729 233 772 pro
244 714 348 770 gloriam
359 713 494 771 spirituum
505 712 585 770 patris
596 718 621 759 et
633 728 679 770 pro
691 711 795 769 gloriam
806 711 854 769 spi·
906 711 907 714 ’

78 794 142 840 ritus
154 794 233 839 saneti
245 799 269 839 et
280 807 325 849 pro
338 792 441 848 gloriam
453 791 499 837 filii
511 791 551 837 dei
564 791 680 848 disoipuli
692 791 855 836 aseenderunt

76 876 105 917 ut
118 872 315 927 euangelizareut
326 885 371 927 per
383 870 500 927 spiritum
512 874 624 915 sanetum
637 869 767 926 spiritibus
778 867 853 914 homi-

77 964 137 994 num
150 946 253 1006 gloriam
266 948 401 1006 spirituum
413 948 491 1006 patris
505 953 529 993 et
542 947 646 1004 gloriam
658 947 762 1005 spiritus
774 946 854 993 saneti
904 946 906 948 ’

78 1033 101 1073 61
114 1027 218 1084 gloriam
228 1027 274 1072 filii
287 1027 332 1072 dei.

107 1106 121 1149 2
138 1105 273 1161 Postquam
284 1104 413 1161 spiritibus
423 1104 550 1149 hominum
562 1104 792 1160 euangelizaberant
804 1105 852 1161 glo-

76 1183 140 1228 riam
153 1184 288 1240 spirituum
302 1183 381 1240 patris
397 1188 421 1229 et
435 1182 539 1239 gloriam
553 1182 656 1240 spiritus
670 1182 749 1228 saneti
765 1187 790 1228 et
804 1183 853 1239 glo-

76 1262 140 1306 riam
148 1261 194 1306 filii
205 1261 245 1307 dei
256 1261 357 1317 quidam
366 1262 438 1306 homo
448 1260 600 1318 glorifieabat
611 1260 746 1317 spirituum
757 1265 853 1318 patrem

76 1345 101 1384 61
114 1339 266 1396 glorificabat
272 1338 389 1395 spiritum
396 1344 509 1384 sanetum
523 1344 547 1384 et
560 1339 712 1396 glorificabat
719 1338 799 1384 filium
806 1338 852 1384 dei,

106 1417 119 1461 3
138 1415 216 1471 Quem
234 1431 289 1461 eum
307 1416 423 1472 diseipuli
440 1417 669 1472 interrogaberunt:
690 1416 852 1473 Quamobrem

76 1494 228 1551 glorifieabat
248 1494 383 1552 spirituum
403 1499 500 1552 patrem
520 1500 544 1541 et
564 1495 716 1552 glorifieabat
735 1495 852 1553 spiritum

76 1578 188 1618 sanetum
199 1566 223 1618 et
235 1573 387 1629 glorifloabat
397 1573 477 1618 filium
488 1573 528 1619 dei
539 1573 678 1630 respoudit:

105 1650 121 1694 4
137 1650 190 1707 Ego
203 1650 311 1707 glorifico
323 1650 458 1707 spirituum
469 1656 566 1708 patrem
579 1655 603 1697 61
615 1651 723 1710 glorifico
735 1651 852 1709 spiritum

75 1734 189 1773 sanetum
205 1734 230 1774 et
247 1728 355 1785 glorifioo
372 1729 451 1774 filium
469 1729 508 1774 dei
526 1730 584 1785 quia
601 1731 732 1776 saltabunt
749 1731 853 1787 spiritus

57 1805 201 1851 'hominum
219 1806 248 1851 ab
266 1806 396 1862 spiritibus
412 1806 526 1863 malignis
544 1807 587 1864 qui
604 1807 707 1864 spiritus
725 1808 851 1855 hominum

74 1883 186 1929 hodiunt.

106 1961 120 2004 5
136 1961 171 2007 Et
184 1960 300 2016 diseipuli
314 1962 431 2008 dixerunt
442 1962 492 2006 illi:
507 1962 632 2018 Quomodo
644 1965 775 2012 saltabunt
787 1969 818 2011 te.

106 2039 135 2083 5a
151 2038 288 2096 Respondit
300 2039 383 2085 homo:
397 2039 452 2096 Ego
465 2041 550 2087 elodus
561 2057 622 2088 sum.
908 2101 909 2104 Ἰ

106 2117 119 2160 6
136 2117 171 2162 Et
186 2117 303 2162 dixerunt
317 2117 445 2174 diseipuli:
460 2119 493 2162 ln
506 2120 604 2165 nomine
620 2120 689 2166 ihesu
705 2122 790 2168 ehristi
804 2123 850 2168 filii
906 2124 909 2168 1

75 2194 114 2240 dei
128 2194 232 2240 ambula.

103 2272 116 2316 t
134 2272 305 2317 Eteontestim
318 2273 453 2319 ambulabit
465 2275 606 2331 glorifieans
612 2277 747 2333 spirituum
753 2283 849 2337 patrem

74 2355 98 2396 et
112 2349 251 2407 glorifioans
263 2350 381 2408 spiritum
394 2357 507 2398 sanet-um
520 2359 544 2400 et
558 2355 698 2411 glorifieans
709 2357 789 2404 filium
803 2358 849 2406 dei.

444 2521 481 2566 IV

104 2623 133 2667 16
150 2622 205 2667 Hoe
216 2636 271 2667 eum
282 2621 360 2666 seribe
372 2620 498 2666 audissent
508 2622 639 2668 dixerunt:
652 2623 718 2679 Quid
730 2626 849 2673 faeiemus
907 2644 909 2682 j

72 2702 211 2748 homiuibus
231 2700 285 2745 istis
304 2699 363 2755 quia
380 2698 480 2754 signum
498 2713 615 2755 magnum
634 2701 730 2749 laetum
749 2711 785 2752 est
804 2721 848 2764 per
904 2699 909 2726 ³
