1819 2972
34 138 169 185 CHAP.1V.]
257 137 349 176 ACTUS
362 136 588 177 DISCIPULORUM.
801 128 816 174 7

35 271 101 329 ipsos
119 271 176 313 1111
193 265 334 313 habitantes
351 258 378 311 in
395 265 557 312 iherosolimis
575 271 600 312 et
616 257 667 312 non
684 280 812 323 possumus

34 355 133 398 negare·

66 413 95 457 17
110 410 155 457 set
172 426 204 457 ne
221 410 328 467 amplius
346 411 490 468 diuulgetur
508 410 676 456 oonminemur
693 411 728 457 eis
744 410 812 456 ultra

34 501 84 532 non
103 483 272 540 euangelizare
291 483 394 540 gloriam
412 483 547 541 spirituum
566 483 646 538 patris
664 488 690 529 et
709 483 812 540 gloriam

35 556 137 615 spiritus
148 555 227 601 saneti
240 560 264 601 11
274 556 378 611 gloriam
388 555 434 601 filii
444 556 492 601 dei.

65 627 94 672 18
111 627 146 673 Et
167 626 244 673 soribe
267 627 384 673 dixerunt
406 627 546 684 diseipulis:
569 627 629 674 Post
650 628 696 673 hoo
718 626 811 673 nemini

34 699 199 756 euangelizate
210 699 314 756 gloriam
324 699 459 757 spirituum
468 700 549 757 patris
559 705 583 746 11
592 700 698 757 gloriam
708 699 812 757 spiritus

34 772 112 819 saneti
123 777 147 817 et
159 771 263 828 gloriam
273 771 319 816 filii
331 772 377 818 dei.
801 816 803 818 .

63 843 92 888 19
109 843 145 889 nt
157 842 272 900 discipuli
284 834 574 900 responderuntsoribis:
589 843 700 900 Spiritus
710 847 810 890 sanetus

33 915 75 972 qui
89 915 168 960 salbat
182 914 286 972 spiritus
299 916 426 961 hominum
440 916 470 961 ab
484 916 614 973 spiritibus
627 916 741 972 malignis
756 930 810 974 pre-

33 991 94 1048 oipit
104 989 174 1035 nobis
187 989 355 1046 euangelizare
367 988 495 1045 spiritibus
508 989 636 1034 hominum
647 988 751 1045 gloriam
762 988 810 1045 spi-

32 1063 127 1108 rituum
142 1061 222 1118 patris
236 1066 261 1107 et
275 1060 379 1117 gloriam
394 1060 498 1117 spiritus
512 1061 591 1106 saneti
606 1065 630 1106 11
645 1061 749 1118 gloriam
763 1060 810 1106 tilii

33 1134 78 1180 dei.

62 1204 108 1249 191
123 1204 159 1250 111
168 1204 296 1250 salbentur
305 1204 410 1260 spiritus
420 1204 547 1249 hominum
558 1218 603 1261 per
614 1204 718 1260 spiritus
730 1204 808 1250 saneti

30 1291 165 1323 sermonem
179 1290 252 1333 quem
265 1276 395 1333 spiritibus
408 1276 536 1321 hominum
550 1276 664 1323 dominus
679 1276 761 1322 ihesus
775 1277 808 1322 lo-

31 1353 104 1394 eutus
114 1352 156 1394 est.

62 1420 92 1464 20
108 1419 299 1476 Responderunt
311 1419 401 1465 scribe:
415 1418 464 1464 Ubi
479 1424 515 1466 est
529 1420 643 1466 dominus
656 1419 744 1466 illesus.

61 1491 90 1535 21
107 1491 298 1548 Responderunt
309 1491 425 1547 discipuli
437 1491 535 1537 soribis:
546 1490 667 1538 Dominus
678 1492 759 1538 ihesus
771 1496 807 1537 est

31 1563 57 1607 in
71 1563 149 1620 gloria
162 1563 297 1619 spirituum
310 1562 390 1620 patris
403 1568 427 1609 et
441 1564 469 1609 in
482 1564 561 1619 gloria
574 1563 678 1621 spiritus
691 1565 770 1610 saneti
784 1566 808 1609 11

30 1634 57 1678 in
69 1634 147 1691 gloria
157 1633 205 1679 11111
215 1634 263 1680 dei.

60 1706 90 1748 22
106 1705 297 1762 Responderunt
310 1706 399 1751 seribe:
415 1706 539 1761 Quomodo
554 1706 685 1752 1111111111.

60 1780 89 1824 23
106 1779 297 1834 Responderunt
310 1778 425 1834 diseipuli
437 1777 536 1823 seribis:
549 1778 599 1824 Per
610 1780 726 1836 spiritum
739 1793 806 1824 sanc-

29 1855 88 1896 tum.

60 1922 90 1966 24
106 1922 297 1979 Responderunt
308 1921 398 1967 seribe:
412 1921 460 1967 Ubi
473 1926 509 1967 est
521 1921 625 1979 spiritus
636 1926 742 1968 sanctus.

38 1989 39 1992 ’
59 1993 89 2038 25
105 1993 296 2050 Responderunt
318 1993 434 2049 disoipuli
455 1993 553 2039 soribis:
575 1992 686 2050 Spiritus
706 1999 805 2040 sanetus

29 2064 147 2123 ingloria
160 2065 295 2123 spirituum
308 2065 389 2123 patris
402 2071 426 2111 11
439 2065 466 2109 in
480 2065 559 2122 gloria
572 2066 676 2123 spiritus
689 2068 768 2112 saneti
782 2071 806 2112 11

29 2138 55 2183 11
67 2140 145 2196 gloria
155 2139 201 2184 filii
213 2139 252 2184 dei
264 2143 307 2184 est.

59 2210 88 2255 26
105 2211 295 2267 Responderunt
308 2210 398 2256 scribe:
411 2209 460 2255 Ubi
474 2214 510 2255 est
524 2210 602 2266 gloria
615 2209 751 2266 spirituum
763 2222 806 2265 pa-

28 2282 74 2328 tris
85 2287 109 2328 11
121 2283 199 2339 gloria
210 2282 313 2339 spiritus
326 2281 404 2346 saneti
418 2285 442 2327 et
452 2280 531 2336 gloria
541 2280 588 2326 filii
600 2281 646 2327 dei.
821 2277 823 2280 ⁴

58 2353 87 2399 27
104 2354 295 2411 Responderunt
313 2352 429 2409 diseipuli
448 2352 546 2398 soribis:
567 2353 652 2399 Gloria
670 2353 804 2410 spirituum

28 2426 107 2479 patris
122 2432 146 2472 11
163 2426 241 2482 gloria
257 2425 362 2482 spiritus
377 2426 457 2470 saneti
472 2429 496 2471 et
514 2425 593 2481 gloria
607 2425 654 2470 filii
670 2427 710 2471 dei
726 2432 763 2472 est
778 2426 805 2470 in

29 2496 83 2543 uelo.

57 2568 86 2612 28
103 2568 294 2625 Responderunt
306 2568 396 2615 seribe:
409 2568 458 2613 Ubi
472 2574 509 2614 est
521 2569 606 2634 oelum.

57 2639 86 2684 29
103 2640 293 2698 Respondertmt
315 2640 430 2696 disoipuli
450 2640 548 2685 soribis:
572 2640 657 2686 Oelum
679 2647 714 2688 est
735 2641 802 2698 apud

0 2719 1 2773 1
26 2716 122 2765 patrem
134 2713 274 2769 spirituum.
