1912 2987
96 165 127 210 30
321 174 413 214 ACTUs
426 173 652 214 DISCIPULORUM.
731 174 820 220 [CHAP.
830 175 877 215 XV.

127 301 276 360 Respondit:
290 301 330 348 Ab
343 301 487 348 infirmitate
501 316 575 358 quam
587 302 712 347 nabebam.

128 373 317 431 Responderunt
333 374 461 431 disoipuii:
477 373 604 428 Quomodo
616 378 704 418 sanata
718 372 797 419 fuisti

128 445 276 502 Respondit:
290 444 419 490 Gredendo
427 445 533 502 spiritus
543 444 623 491 saneti
632 444 745 490 sermoni.

129 516 319 574 Responderunt
337 516 465 574 discipuli:
485 515 610 572 Quomodo
628 516 755 562 eredidisti
772 515 874 573 spiritus

96 590 176 634 saneti
189 588 300 634 sermoni:

126 660 274 718 Respondit:
288 660 336 705 Per
350 660 456 716 gratiam
467 660 572 718 spiritus
583 660 668 706 saneti.

126 732 317 790 Responderunt
332 732 459 788 diseipuli:
475 732 581 789 Propter
596 733 662 789 quod
678 732 811 779 credidisti,

126 805 274 863 Respondit:
287 805 395 863 Propter
406 806 584 863 diseipqurum
593 804 699 863 spiritus
708 806 786 852 saneti
799 806 872 852 dilee-

95 875 187 921 tionem
201 874 335 933 spirituum
347 875 481 921 bominum.

126 947 316 1005 Responderunt
342 947 470 1004 discipuli:
498 946 623 1002 Quomodo
646 948 739 993 seiebas
766 947 872 1004 diseipu-

93 1021 175 1065 lorum
185 1019 289 1076 spirit-us
300 1019 380 1065 saneti
392 1019 547 1065 dileetionem
559 1018 694 1077 spirituum
705 1019 839 1066 hominurn.

125 1091 274 1147 Respondit:
291 1091 345 1148 Ego
360 1092 415 1136 uidi
431 1091 608 1148 disoipulorum
623 1091 727 1148 spiritus
741 1092 820 1137 saneti
836 1091 871 1137 di-

93 1164 222 1209 lectionem
234 1163 369 1220 spirituum
382 1164 509 1209 hominum
523 1164 549 1208 in
563 1163 626 1210 faeie
639 1165 734 1209 borum.

124 1235 315 1293 Responderunt
328 1235 456 1292 diseipuii:
474 1234 578 1290 Quando
591 1235 679 1281 uidisti
694 1235 871 1293 diseipulorum

92 1308 196 1365 spiritus
208 1308 287 1353 saneti
300 1307 455 1353 dileetionem
467 1308 494 1352 in
508 1307 571 1353 faeie
581 1308 677 1353 borum.

123 1379 272 1437 Respondit:
294 1379 354 1425 Uidi
375 1379 552 1437 distipuiorum
572 1378 676 1436 spiritus
696 1379 776 1425 saneti
798 1379 870 1425 dilee-⁴

91 1452 183 1497 tionem
199 1452 298 1508 quando
314 1451 442 1508 spiritibus
458 1452 586 1496 hominum
602 1451 804 1508 euangelizabant
820 1452 869 1508 glo-

91 1524 155 1568 riam
169 1524 304 1581 spirituum
318 1524 397 1580 patris
413 1528 436 1569 et
449 1523 555 1580 ¹gloriam
570 1523 675 1579 spiritus
687 1524 767 1570 saneti
782 1529 806 1570 et
820 1525 869 1581 glo-

92 1596 155 1641 riam
165 1595 211 1640 fflii
222 1595 268 1641 dei.

448 1703 511 1748 XVI

122 1805 154 1859 in
165 1805 250 1851 diebus
261 1804 310 1850 iliis
321 1804 398 1850 seribe
410 1804 453 1861 qui
464 1804 593 1862 spiritibus
605 1804 743 1850 serbiebant
754 1803 868 1859 malignis

89 1877 306 1933 interrogaberunt
319 1876 464 1933 diseipulos:
479 1875 605 1930 Quomodo
617 1875 784 1933 glorificarent
796 1875 867 1933 spiri-

89 1953 161 1994 tuum
174 1953 271 2005 pat-rem
284 1953 309 1994 et
321 1948 488 2004 glorifiearent
501 1947 618 2005 spiritum
632 1952 744 1994 sanetum
757 1953 781 1995 et
795 1947 866 2005 glori-

88 2020 192 2066 fiearent
202 2019 282 2065 fitium
293 2020 339 2065 dei.
858 2017 859 2020 ’

119 2091 309 2148 Responderunt
323 2091 450 2149 discipuli:
464 2091 513 2136 Per
525 2091 642 2149 spiritum
656 2095 774 2137 sanetum.

119 2163 309 2220 Responderunt
329 2163 418 2208 seribe:
440 2162 566 2217 Quomodo
585 2162 775 2219 glorificabimus
794 2163 865 2219 spiri-

88 2243 160 2284 tuum
167 2243 265 2294 patrem
276 2242 300 2283 et
312 2235 502 2293 glorifioabimus
509 2235 626 2292 spiritum
632 2239 746 2281 sanetum
757 2239 782 2282 et
794 2235 867 2292 glori-

86 2310 213 2355 fioabimus
226 2309 307 2354 filium
320 2308 359 2354 dei
373 2322 418 2365 per
432 2307 549 2364 spiritum
562 2312 681 2353 sanetum.

118 2382 308 2438 Responderunt
322 2378 449 2437 discipuli:
463 2378 512 2435 Qui
523 2379 628 2436 spiritus
640 2379 719 2425 saneti
729 2392 865 2425 sermonem

86 2454 240 2500 serbaberint
254 2467 299 2510 per
315 2452 432 2509 spiritum
448 2456 560 2497 sanetum
576 2450 714 2508 glorificant
729 2452 864 2509 spirituum

86 2531 183 2583 patrem
204 2531 228 2571 et
250 2525 388 2581 giorifieant
409 2523 526 2581 spiritum
547 2526 659 2568 sanetum
679 2529 705 2569 et
726 2522 864 2579 glorifieant

209 2613 224 2642 l.

85 2598 308 2726 fihiidldpdirderunt
328 2667 418 2713 seribe:
442 2666 568 2721 Quomodo
589 2666 739 2712 serbabinrus
760 2665 863 2723 spiritus
893 2714 896 2722 :

85 2740 164 2786 saneti
177 2753 318 2786 sermonem,
