1819 2972
291 181 383 221 uerus
396 180 622 222 niscirmoauu.
699 180 845 228 [CHARVH.

429 309 481 355 VII

97 411 127 455 51
143 411 179 457 Et
195 416 250 469 post
265 411 309 456 heo
325 425 371 468 pro
389 409 492 470 gloriam
508 409 643 468 spirituum
660 409 740 467 patris
757 414 780 455 et
797 423 842 467 pro

66 487 169 543 gloriam
184 487 287 544 spiritus
301 486 380 532 saneti
395 491 419 532 et
433 501 479 543 pro
492 485 597 542 gloriam
610 485 656 531 filii
671 486 711 532 dei
727 485 842 541 disoipuli

66 562 268 620 euangelizabant
287 576 332 619 per
352 561 469 624 spiritum
488 565 601 607 sanetum
620 561 749 619 spiritibus
767 559 843 606 homi·
903 574 908 610 s

65 653 126 683 num
139 638 242 695 gloriam
254 636 389 694 spirituum
401 637 481 695 patris
494 642 518 683 et
531 636 635 694 gloriam
648 636 752 694 spiritus
764 635 843 683 saneti
903 629 909 696 1

67 712 322 769 1111111111.

97 800 142 846 511
158 800 192 847 Et
209 800 309 856 quidam
325 814 412 856 grecus
426 799 525 846 nomine
540 800 675 857 stephanus
689 799 842 856 glorificabat

65 876 200 933 spirituum
222 875 302 933 patris
323 879 348 920 11
370 874 523 932 glorifieabat
545 874 662 931 spiritum
680 864 797 921 'sanetum
818 878 842 919 et

65 950 218 1007 glorificabat
228 950 308 995 filium
321 950 366 996 dei.
857 949 859 951 ’

97 1038 126 1082 52
143 1038 178 1083 nt
193 1037 273 1084 soribe
289 1037 405 1084 dixerunt
420 1038 552 1096 stephano:
570 1037 734 1093 Quamobrem
749 1037 842 1095 spiriti·

64 1114 109 1159 bus
127 1114 254 1158 hominum
273 1113 425 1169 euangelizas
444 1113 548 1169 gloriam
566 1114 701 1171 spirituum
719 1114 798 1172 patris
818 1118 841 1159 et

65 1188 169 1245 gloriam
180 1188 282 1246 spiritus
294 1189 373 1234 saneti
385 1193 408 1235 et
419 1189 524 1245 gloriam
534 1188 580 1234 filii
592 1190 637 1234 dei.
903 1180 907 1195 '⁸

95 1276 140 1321 521
157 1275 207 1331 Qui
218 1276 347 1333 respoudit
360 1275 457 1322 serihis:
472 1276 522 1323 Pro
535 1277 639 1333 gloriam
651 1276 787 1333 spirituum
799 1291 841 1334 pa·

64 1352 110 1397 tris
121 1357 146 1398 et
156 1366 202 1408 pro
214 1352 318 1408 gloriam
328 1352 432 1407 spiritus
441 1352 521 1397 saneti
532 1357 557 1398 et
567 1367 612 1410 pro
622 1352 728 1409 gloriam
737 1352 783 1398 1111
795 1351 841 1398 dei.
903 1345 905 1355 i

95 1438 124 1482 53
141 1438 331 1496 Responderunt
354 1437 445 1484 sariba:
471 1438 519 1494 Qui
543 1439 714 1495 euangelizant
738 1439 841 1496 gloriam

32 1518 34 1521 ’
63 1514 199 1571 spirituum
215 1514 296 1571 patris
313 1518 337 1560 et
355 1514 460 1569 gloriam
477 1514 580 1571 spiritus
599 1515 678 1560 saneti
696 1520 720 1561 et
738 1515 841 1572 gloriam

62 1588 108 1633 filii
122 1589 161 1634 dei
175 1589 299 1634 diabolum
310 1589 408 1634 habent.

95 1676 140 1720 53a
156 1675 293 1733 Respondit
306 1677 441 1733 stephanus
454 1675 553 1722 serihis:
569 1676 693 1732 Quomodo
707 1677 752 1723 hoo
766 1676 839 1722 saitis.
903 1697 908 1733 g

94 1762 125 1806 54
140 1762 332 1820 Responderunt
354 1762 445 1808 sorihe:
470 1762 518 1818 Qui
543 1762 713 1819 euangelizant
737 1764 840 1820 gloriam
901 1801 907 1826 13

63 1838 198 1895 spirituum
215 1838 294 1895 patris
313 1843 338 1883 et
355 1838 459 1895 gloriam
477 1838 581 1895 spiritus
598 1839 677 1885 saneti
695 1844 719 1885 11
737 1840 840 1896 gloriam

62 1912 108 1958 filii
120 1913 159 1958 dei
171 1913 296 1958 diabolum
306 1913 405 1959 habent.

93 2003 138 2047 541
154 2001 291 2057 Respondit
305 2002 440 2058 stephanus
454 2000 552 2047 serihis:
567 2000 693 2056 Quomodo
705 2001 751 2047 hoo
764 2002 837 2048 saitis.

93 2094 123 2138 55
139 2093 329 2151 Responderunt
344 2089 434 2135 seribe:
451 2087 536 2134 Omnis
552 2088 595 2146 qui
610 2089 735 2134 diabolum
748 2088 837 2132 habent

61 2169 200 2226 glorificant
207 2166 342 2224 spirituum
355 2169 452 2222 patrem
465 2169 490 2210 et
503 2162 641 2220 glorifioant
649 2163 765 2219 spiritum
771 2176 830 2207 sano
901 2168 908 2223 ῙἸ

61 2250 116 2290 tum
127 2249 151 2290 et
162 2242 301 2299 glorificant
311 2239 391 2285 filium
401 2240 448 2285 dei.

92 2330 138 2375 55a
153 2328 290 2386 Respondit
304 2327 437 2384 stephanus
451 2325 548 2372 serihis:
565 2324 690 2380 Quomodo
702 2325 748 2370 hoo
763 2323 832 2369 saitis

92 2415 121 2459 56
138 2414 328 2471 Responderunt
343 2410 433 2456 seribe:
450 2409 535 2455 Omnis
550 2410 593 2465 qui
609 2409 733 2455 diabolum
747 2409 836 2455 habent

61 2490 200 2549 glorificant
209 2488 344 2545 spirituum
354 2490 451 2544 patrem
461 2490 485 2531 11
496 2484 635 2542 glorificant
645 2484 761 2542 spiritum
771 2499 836 2530 sano·

60 2573 115 2613 tum
126 2570 150 2611 et
163 2563 302 2621 glorifioant
311 2561 392 2606 filium
404 2560 450 2607 dei.

91 2654 120 2698 57
137 2650 275 2709 Respondit
286 2649 420 2706 stephanus
431 2647 530 2694 serihis:
545 2645 670 2702 Quomodo
682 2648 727 2693 hoe
740 2646 814 2694 seitis.
899 2638 909 2699 {g

91 2742 120 2786 58
137 2739 328 2797 Responderunt
341 2735 431 2782 scribe:
447 2736 484 2780 Tu
498 2735 623 2781 diabolum
635 2735 716 2781 hahes.
