1819 2972
60 143 144 183 CHAP.
153 142 224 190 XIII.]
284 141 376 182 ACTUS
390 140 616 182 DISCIPULORUM.
811 129 841 174 25

60 275 62 278 ’
93 272 284 331 Responderunt
294 271 422 330 discipuli:
434 271 483 316 Per
493 269 598 328 spiritus
608 269 687 315 saneti
698 281 838 314 sermonem.

94 360 284 418 Responderunt
296 359 386 406 seribe:
397 359 447 406 Ubi
458 363 493 405 est
505 357 609 416 spiritus
619 360 724 403 sanetus.

93 447 284 505 Responderunt
296 447 424 505 diseipuli:
439 446 550 503 Spiritus
561 449 661 490 sanetus
673 449 710 490 est
721 444 749 489 in
762 443 840 500 gloria

62 527 199 585 spirituum
212 526 291 584 patris
305 532 329 573 et
343 528 369 573 in
383 526 462 583 gloria
474 524 578 581 spiritus
592 523 671 570 saneti
685 528 710 570 et
723 524 750 568 in
763 522 841 580 gloria

61 605 109 651 filii
122 605 168 651 dei.

96 692 286 750 Responderunt
299 692 390 739 seribe:
405 692 455 737 Ubi
470 697 506 737 est
521 690 599 747 gloria
613 689 749 748 spirituum
763 687 842 745 patris

63 777 89 817 et
101 771 178 827 gloria
190 770 294 828 spiritus
304 770 384 817 saneti
395 775 420 816 et
431 770 508 826 gloria
520 768 566 814 filii
578 769 624 815 dei.

96 858 286 916 Responderunt
307 857 435 915 discipuli:
459 856 543 903 Gloria
562 856 698 914 spirituum
717 855 796 913 patris
819 858 843 901 et

63 943 144 1000 gloria
155 943 259 1000 spiritus
269 943 348 989 saneti
360 948 385 989 et
395 943 473 999 gloria
484 942 530 987 filii
542 941 582 987 dei
594 947 630 988 est
641 941 668 986 in
680 942 736 987 eelo.

98 1029 288 1086 Responderunt
300 1031 390 1077 scribe:
402 1030 452 1076 Ubi
464 1035 500 1076 est
512 1031 597 1076 uelum.

97 1117 287 1175 Responderunt
308 1118 436 1175 diseipuli:
459 1117 546 1163 Oelum
565 1123 601 1164 est
621 1118 689 1175 apud
709 1116 844 1174 spirituum

63 1201 169 1254 patrem.

97 1283 288 1341 Responderunt
301 1283 391 1330 seribe:
404 1283 453 1329 Ubi
464 1288 502 1329 est
514 1282 649 1340 spirituum
661 1287 740 1339 pater.

89 1370 289 1428 ,Responderunt
300 1370 428 1428 discipuli:
442 1370 583 1426 Spirituum
595 1376 667 1428 pater
679 1376 716 1417 est
726 1371 754 1415 in
766 1370 844 1427 gloria

63 1449 202 1506 spirituum
214 1449 293 1507 patris
308 1455 332 1495 et
345 1450 372 1494 in
386 1450 465 1506 gloria
478 1449 582 1506 spiritus
596 1449 674 1495 saneti
689 1455 712 1495 et
726 1450 753 1494 in
766 1448 844 1506 gloria

64 1527 113 1572 filii
125 1527 171 1573 dei.

99 1620 290 1678 Responderunt
303 1621 394 1666 seribe:
410 1620 459 1666 Ubi
474 1626 510 1666 est
525 1620 604 1677 gloria
618 1619 752 1678 spirituum
766 1618 845 1677 patris

65 1703 93 1744 et
105 1699 184 1755 gloria
196 1699 298 1756 spiritus
312 1698 390 1744 saneti
404 1703 428 1745 et
440 1699 518 1756 gloria
530 1698 576 1743 filii
590 1699 636 1745 dei.

100 1791 291 1849 Responderunt
311 1791 439 1848 discipuli:
462 1792 546 1838 Gloria
566 1792 701 1857 spirituum
721 1792 801 1850 patris
822 1796 847 1837 et

66 1871 149 1927 gloria
161 1870 266 1928 spiritus
277 1871 357 1916 saneti
371 1875 395 1916 et
407 1870 486 1927 gloria
498 1870 544 1915 filii
557 1871 597 1916 dei
610 1876 647 1917 est
658 1872 686 1916 in
700 1872 756 1917 eelo.

20 1988 22 1991 .
100 1955 291 2021 Responderunt
301 1964 391 2009 seribe:
405 1963 495 2009 Omnes
507 1966 549 2020 qui
562 1964 732 2021 euangelizant
743 1964 847 2019 gloriam

65 2042 204 2099 spirituum
221 2041 301 2099 patris
319 2048 343 2088 et
361 2042 466 2098 gloriam
482 2042 586 2100 spiritus
604 2044 683 2089 saneti
702 2049 725 2090 et
743 2043 847 2099 gloriam

30 2131 32 2133 ’
65 2120 115 2165 :filii
128 2120 304 2166 deidiabolum
316 2121 415 2166 habent.

101 2212 291 2270 Responderunt
303 2213 430 2270 diseipuli:
444 2213 492 2268 Qui
504 2214 675 2270 euangelizant
686 2214 790 2272 gloriam
800 2214 848 2284 spi-

65 2291 166 2337 rituum
180 2292 260 2348 patris
273 2297 299 2337 et
313 2292 418 2349 gloriam
431 2292 534 2350 spiritus
550 2294 629 2339 saneti
644 2299 669 2340 et
684 2293 787 2350 gloriam
801 2293 848 2339 filii

65 2370 121 2415 dei:
137 2369 240 2427 gloriam
253 2369 389 2425 spirituum
401 2370 482 2427 patris
495 2376 520 2417 et
533 2371 637 2428 gloriam
651 2372 755 2429 spiritus
767 2371 850 2418 saneti·

66 2453 95 2494 -et
106 2449 209 2505 gloriam
220 2448 266 2493 filii
277 2448 316 2493 dei
327 2454 441 2506 querunt.

101 2542 291 2600 Responderunt
304 2542 394 2588 seribe:
408 2542 457 2598 Qui
470 2543 573 2599 gloriam
585 2543 720 2601 spirituum
732 2544 811 2601 patris
824 2547 848 2589 et

66 2620 174 2678 gloriam
186 2620 290 2677 spiritus
300 2620 379 2666 saneti
390 2625 415 2667 et
424 2621 529 2677 gloriam
539 2621 585 2667 filii
596 2623 636 2668 dei
647 2628 754 2679 querunt
767 2623 848 2669 diabo-

67 2701 123 2745 lum
134 2701 231 2746 habent.
