1819 2972
194 525 196 529 ,
257 460 612 543 annuntiaturum

429 623 444 668 Ι

78 714 92 758 1
108 713 243 769 Postquam
259 713 389 771 spiritibus
403 712 532 759 hominum
547 711 759 769 euangelizaberat
776 711 825 768 glo-

47 789 110 834 riam
123 789 258 846 spirituum
272 789 352 846 patris
367 794 391 835 et
405 788 510 845 gloriam
523 788 627 845 spiritus
642 787 721 833 saneti
737 792 761 833 et
776 787 825 843 glo-

48 864 111 909 riam
124 863 170 908 filii
187 864 226 909 dei
242 878 287 920 per
300 863 418 921 spiritum
433 868 547 909 sanetum
563 862 677 908 dominus
692 863 774 908 ihesus
790 876 826 908 as-

48 938 130 984 eendit
141 938 168 982 in
178 938 258 983 locum
267 938 346 996 glorie
356 938 491 995 spirituum
501 937 610 982 filiorum
621 937 667 983 dei.

78 1012 143 1059 211
162 1027 218 1058 eum
235 1012 352 1069 diseipuli
371 1014 529 1059 intenderent
547 1012 574 1057 in
593 1012 672 1058 oelum
690 1017 763 1058 eunte
781 1011 825 1056 illo

48 1089 96 1134 duo
106 1087 189 1144 angeli
201 1088 306 1144 spiritus
317 1089 396 1134 saneti
409 1089 565 1134 adsteterunt
575 1087 626 1134 illis
638 1088 681 1144 qui
694 1087 824 1133 dixerunt:

77 1163 90 1206 3
109 1161 176 1217 Quid
186 1162 257 1208 statis
269 1163 426 1208 intendentes
436 1163 463 1208 in
475 1164 559 1209 eelum.

78 1237 91 1281 6
109 1236 157 1292 Qui
177 1238 358 1294 responderunt
377 1236 483 1293 angelis:
504 1236 609 1292 Quando
628 1237 733 1294 gloriam
752 1235 823 1294 spiri-

45 1317 117 1363 tuum
130 1312 239 1357 filiorum
252 1312 292 1358 dei
307 1326 488 1369 consequemur.

76 1387 90 1431 7
106 1386 142 1433 Et
153 1388 335 1444 responderunt
348 1387 440 1444 angeli:
453 1386 510 1432 Non
521 1392 556 1434 est
567 1391 680 1433 uestrum
690 1386 752 1433 seire
763 1392 823 1432 tem-

44 1476 106 1518 pora
119 1476 165 1518 que
177 1461 313 1519 spirituum
325 1466 397 1519 pater
410 1462 493 1517 posuit
506 1462 533 1507 in
546 1477 591 1508 sua
603 1466 731 1519 potestate.

76 1536 89 1580 8
106 1535 141 1582 Et
152 1535 269 1583 dixerunt
280 1536 396 1592 diseipuli
406 1537 511 1594 angelis:
523 1536 630 1594 Propter
641 1538 707 1594 quod
718 1536 822 1595 spiritus

44 1611 171 1656 hominum
188 1611 291 1668 gloriam
308 1611 444 1669 spirituum
460 1612 539 1669 patris
557 1617 580 1658 et
598 1611 702 1668 gloriam
719 1611 822 1670 spiritus

43 1686 123 1731 saneti
135 1691 159 1731 et
169 1686 275 1740 gloriam
285 1685 332 1731 filii
345 1687 384 1732 dei
395 1701 445 1731 non
457 1691 571 1743 querunt.

75 1762 88 1806 9
105 1762 295 1819 Responderunt
308 1761 401 1818 angeli:
414 1761 464 1807 Per
474 1761 580 1818 spiritus
592 1761 718 1818 malignos.

74 1837 104 1880 10
120 1836 311 1893 Responderunt
324 1836 417 1892 angelis
432 1836 559 1893 discipuli:
574 1836 681 1892 Propter
694 1837 760 1892 quod
773 1835 821 1892 spi-

43 1910 107 1957 ritus
125 1917 225 1957 sanatus
242 1926 292 1956 non
311 1912 406 1956 reuelat
424 1910 554 1967 spiritibus
571 1911 698 1955 hominum
717 1911 821 1967 gloriam

9 1975 11 1978 ’
42 1986 177 2042 spirituum
194 1985 275 2042 patris
292 1991 316 2032 et
334 1986 438 2042 gloriam
455 1985 559 2042 spiritus
577 1985 657 2031 saneti
676 1990 700 2032 et
717 1985 821 2042 gloriam

41 2060 87 2107 filii
99 2061 145 2106 dei.
795 2054 796 2057 '

13 2154 14 2157 ¹
73 2135 101 2178 11
118 2133 308 2191 Responderunt
328 2135 421 2190 angeli:
441 2133 552 2190 Spiritus
569 2135 696 2180 hominum
716 2134 820 2190 gloriam

42 2209 177 2265 spirituum
195 2210 275 2266 patris
293 2215 317 2256 01
335 2209 438 2265 gloriam
456 2208 560 2266 spiritus
577 2209 657 2255 saneti
675 2214 699 2255 et
717 2208 821 2265 gloriam

41 2283 87 2328 filii
98 2285 137 2329 dei
147 2289 269 2340 spernunt
279 2298 325 2341 per
334 2284 439 2340 spiritus
448 2284 575 2341 malignos.
790 2288 792 2291 ’

72 2358 102 2401 12
118 2357 308 2415 Responderunt
322 2359 416 2415 angelis
430 2358 558 2416 disoipuli:
572 2359 679 2416 Propter
692 2360 758 2415 quod
770 2359 819 2416 spi-

41 2433 104 2480 ritus
116 2438 215 2479 sanetus
226 2448 275 2479 non
286 2438 388 2491 superat
398 2434 501 2491 spiritus
513 2434 639 2490 malignos.

72 2508 100 2552 13
117 2507 309 2565 Responderunt
322 2508 415 2565 angeli:
431 2507 542 2566 Spiritus
555 2509 683 2555 hominum
696 2513 818 2566 spernunt

41 2584 148 2639 gratiam
162 2584 266 2641 spiritus
280 2584 359 2630 saneti
375 2584 418 2641 qui
433 2585 512 2631 salbat
527 2585 632 2642 spiritus
645 2586 773 2632 hominum
788 2585 818 2631 ab

40 2659 169 2715 spiritibus
182 2659 303 2716 malignis.
