1819 2972
54 172 83 217 16
279 179 371 220 ACTUS
384 178 610 221 DISCIPULORUM.
674 180 764 227 [CHAP.
773 179 834 220 VIII.

86 309 276 368 Responderunt
288 309 404 367 disoipuli
414 308 513 355 soribis:
525 308 574 364 Qui
584 308 737 356 interficiunt
748 323 773 355 se
782 321 833 353 non
908 314 910 372 f

54 382 240 429 interficiuntur
251 382 281 427 ab
293 381 347 427 olio.
502 424 503 427 ,
909 392 910 440 j

86 454 277 516 Responderunt
292 453 382 500 seribe:
400 452 448 508 Qui
464 468 490 499 se
506 453 659 499 interficiunt
674 467 725 498 non
740 451 832 498 interfi-

56 527 157 573 ciuntur
167 542 181 572 a
193 526 295 572 diabolo.
907 521 910 578 f

87 599 277 657 Responderunt
297 598 412 655 disoipuli
431 598 529 644 scribis:
549 597 598 653 Qui
616 597 833 644 interficiuntura
907 579 910 622 i

56 671 153 718 diabolo
163 686 212 717 non
223 686 248 716 se
260 670 420 717 interfieiunt.

86 743 120 789 Et
129 743 208 789 soribe
219 743 389 789 discesserunt.

88 816 122 860 Et
134 815 250 872 discipuli
261 815 425 873 portaberunt
438 829 526 872 eorpus
538 815 659 873 stephani.

425 970 465 1017 IX

88 1075 147 1120 Post
157 1074 201 1118 hee
214 1071 329 1129 diseiputi
342 1087 388 1129 pno
401 1072 503 1129 gloriam
514 1072 649 1130 spirituum
662 1073 740 1131 putris
753 1077 777 1119 et
789 1086 836 1129 pro
906 1076 909 1118 ,ἶ

56 1142 160 1200 gloriam
172 1143 277 1200 spiritns
288 1145 368 1189 saneti
382 1149 406 1190 et
418 1159 464 1202 pro
479 1145 582 1201 gloriam
594 1143 640 1189 fflii
654 1144 693 1190 dei
707 1143 836 1200 spiritibus

56 1215 182 1261 hominum
204 1215 406 1271 enan-genzonem
429 1216 532 1272 gloriam
552 1215 686 1273 spirituum
710 1215 790 1273 patris
811 1219 836 1260 et
906 1229 909 1279 j

57 1286 160 1342 gioriam
175 1286 279 1343 spiritus
292 1286 372 1333 saneti
386 1293 411 1333 et
427 1287 530 1343 gloriam
545 1287 591 1332 fidi
606 1287 645 1334 dei
660 1286 836 1344 perspiritum
905 1305 909 1343 3

56 1363 181 1404 sanetum:
649 1413 651 1416 ι

86 1427 121 1474 Ut
135 1430 239 1486 spiritus
252 1430 379 1477 hominum
391 1431 548 1477 saltarentur
561 1431 591 1477 ab
605 1430 736 1488 spiriti-bus
748 1430 833 1488 malig-

55 1500 94 1546 nis
108 1501 151 1557 qui
164 1503 270 1549 hodiunt
283 1503 388 1560 spiritus
399 1504 527 1549 hominum
540 1517 601 1560 quos
613 1503 748 1561 spirituum
761 1507 834 1561 pater
905 1554 907 1561 λ

14 1576 17 1582 “
56 1577 79 1618 et
91 1573 194 1629 spiritus
205 1580 305 1621 sanetus
317 1580 341 1621 et
351 1575 419 1621 filius
428 1576 470 1621 dei
481 1575 596 1632 diligunt,
905 1620 907 1633 2

86 1644 120 1690 Et
135 1645 236 1700 quidam
249 1647 338 1691 *horum
352 1647 395 1702 qui
409 1648 585 1703 lapidaberunt
598 1648 745 1704 stephanum
758 1646 832 1704 glori·

54 1716 144 1763 fioabot
160 1717 295 1773 spirituum
310 1724 408 1776 patrem
425 1724 449 1765 et
464 1719 618 1776 glorificabat
633 1720 749 1776 spiritum
764 1733 832 1765 sane·

55 1796 109 1837 tum
122 1796 146 1837 et
158 1791 312 1848 glorificabat
322 1791 402 1836 filium
414 1791 460 1837 dei.

86 1863 122 1908 Et
136 1863 252 1919 disoipuli
267 1862 484 1920 interrogaberunt
499 1877 566 1908 eum:
583 1862 745 1917 Quamobrem
760 1863 832 1920 glori·

54 1934 143 1980 fluebat
159 1935 294 1991 spirituum
310 1939 407 1992 patrem
424 1939 447 1980 et
464 1934 616 1991 glorificabat
633 1934 749 1992 spiritum
765 1949 833 1980 sono·

54 2011 109 2052 tum
120 2011 144 2052 et
156 2006 309 2063 glorificabat
319 2006 400 2051 fflium
411 2006 456 2052 dei.
901 2004 910 2068 A]

37 2100 39 2103 ·
87 2076 136 2132 Qui
149 2077 288 2134 respondit:
304 2077 418 2124 Glorifioo
430 2077 565 2135 spirituum
577 2083 674 2136 patrem
687 2084 712 2125 et
724 2077 833 2134 glorifioo

55 2154 173 2210 spiritum
187 2156 298 2198 sanetum
315 2156 339 2197 et
354 2150 462 2206 glorifieo
477 2150 557 2195 filium
573 2151 614 2196 dei
629 2150 688 2207 quia
702 2151 833 2196 saltabunt
908 2155 910 2158 ’

55 2224 159 2281 spiritus
169 2224 296 2269 hominum
307 2224 336 2268 ab
347 2223 477 2280 spiritibus
488 2222 602 2279 malignis
614 2222 657 2278 qui
668 2222 774 2269 hodiunt
783 2223 833 2279 spi·
900 2277 905 2281 ,.

55 2296 120 2342 ritus
131 2296 264 2340 hominum.

83 2367 120 2413 'Et
134 2367 251 2422 disoipuli
265 2365 394 2412 dixerunt:
408 2365 514 2423 Propter
528 2366 593 2422 quod
607 2370 636 2412 tu
649 2364 771 2423 glorificos
784 2365 833 2423 spi·
860 2411 862 2414 ,
897 2372 903 2417 j

56 2439 151 2485 rituum
166 2443 264 2495 patrem
280 2443 305 2483 et
320 2437 441 2494 glorifices
458 2430 575 2495 spiritum
591 2442 703 2483 sanetum
720 2444 744 2485 et
761 2437 833 2495 glori·
859 2456 861 2460 ¹
900 2438 910 2492 ,ζ

55 2511 114 2557 fieus
124 2510 204 2555 filium
217 2510 263 2556 dei,
900 2514 910 2517 ’

86 2581 235 2639 Respondit:
249 2581 356 2637 Propter
369 2581 472 2637 gloriam
485 2580 620 2638 spirituum
632 2581 740 2627 fitiorum
753 2581 800 2628 dei.
906 2627 909 2646 ἦ

86 2655 277 2711 Responderunt
293 2652 421 2710 diseipuli:
440 2652 566 2707 Quomodo
579 2654 626 2699 sois
642 2653 746 2709 gloriam
761 2653 834 2711 spiri·

55 2732 128 2772 tuum
137 2725 245 2770 filiorum
258 2725 303 2770 dei.
905 2719 909 2737 ³
