<?xml version="1.0" encoding="UTF-8"?>
<!DOCTYPE html PUBLIC "-//W3C//DTD XHTML 1.0 Transitional//EN"
    "http://www.w3.org/TR/xhtml1/DTD/xhtml1-transitional.dtd">
<html xmlns="http://www.w3.org/1999/xhtml" xml:lang="en" lang="en">
 <head>
  <title>
</title>
<meta http-equiv="Content-Type" content="text/html;charset=utf-8" />
  <meta name='ocr-system' content='tesseract 3.04.00' />
  <meta name='ocr-capabilities' content='ocr_page ocr_carea ocr_par ocr_line ocrx_word'/>
</head>
<body>
  <div class='ocr_page' id='page_1' title='image "MN41482ucmf_0_0056.png"; bbox 0 0 1819 2972; ppageno 0'>
   <div class='ocr_carea' id='block_1_1' title="bbox 36 193 816 253">
    <p class='ocr_par' dir='ltr' id='par_1_1' title="bbox 36 193 816 253">
     <span class='ocr_line' id='line_1_1' title="bbox 36 193 816 253; baseline 0.004 -16"><span class='ocrx_word' id='word_1_1' title='bbox 36 193 66 237; x_wconf 83' lang='grc'><strong>22</strong></span> <span class='ocrx_word' id='word_1_2' title='bbox 261 202 353 242; x_wconf 79' lang='lat' dir='ltr'>ACTUS</span> <span class='ocrx_word' id='word_1_3' title='bbox 366 201 593 242; x_wconf 81' lang='lat' dir='ltr'><strong>DISCIPULORUM.</strong></span> <span class='ocrx_word' id='word_1_4' title='bbox 662 201 752 249; x_wconf 79' lang='lat' dir='ltr'><strong>[CHAP.</strong></span> <span class='ocrx_word' id='word_1_5' title='bbox 765 200 816 253; x_wconf 86' lang='grc' dir='ltr'><strong>ΧΠ.</strong></span> 
     </span>
    </p>
   </div>
   <div class='ocr_carea' id='block_1_2' title="bbox 37 329 815 1067">
    <p class='ocr_par' dir='ltr' id='par_1_2' title="bbox 68 329 636 388">
     <span class='ocr_line' id='line_1_2' title="bbox 68 329 636 388; baseline 0.004 -14"><span class='ocrx_word' id='word_1_6' title='bbox 68 330 217 388; x_wconf 70' lang='lat' dir='ltr'>Respondit:</span> <span class='ocrx_word' id='word_1_7' title='bbox 230 329 278 376; x_wconf 91' lang='lat' dir='ltr'><strong>Per</strong></span> <span class='ocrx_word' id='word_1_8' title='bbox 289 330 393 387; x_wconf 84' lang='lat' dir='ltr'><strong>spiritus</strong></span> <span class='ocrx_word' id='word_1_9' title='bbox 404 330 483 376; x_wconf 87' lang='lat' dir='ltr'><strong>saneti</strong></span> <span class='ocrx_word' id='word_1_10' title='bbox 495 344 636 376; x_wconf 87' lang='lat' dir='ltr'><strong>sermonem.</strong></span> 
     </span>
    </p>

    <p class='ocr_par' dir='ltr' id='par_1_3' title="bbox 37 404 815 540">
     <span class='ocr_line' id='line_1_3' title="bbox 69 404 815 464; baseline -0.003 -14"><span class='ocrx_word' id='word_1_11' title='bbox 69 406 259 464; x_wconf 87' lang='lat' dir='ltr'><strong>Responderunt</strong></span> <span class='ocrx_word' id='word_1_12' title='bbox 276 405 404 464; x_wconf 81' lang='lat' dir='ltr'><strong>discipuli:</strong></span> <span class='ocrx_word' id='word_1_13' title='bbox 422 405 547 461; x_wconf 79' lang='lat' dir='ltr'><strong>Quomodo</strong></span> <span class='ocrx_word' id='word_1_14' title='bbox 563 408 665 452; x_wconf 85' lang='lat' dir='ltr'><strong>sanatus</strong></span> <span class='ocrx_word' id='word_1_15' title='bbox 682 404 754 451; x_wconf 68' lang='lat' dir='ltr'><strong>fuisti</strong></span> <span class='ocrx_word' id='word_1_16' title='bbox 770 417 815 462; x_wconf 91' lang='lat' dir='ltr'><strong>per</strong></span> 
     </span>
     <span class='ocr_line' id='line_1_4' title="bbox 37 482 383 540; baseline -0.003 -13"><span class='ocrx_word' id='word_1_17' title='bbox 37 482 141 540; x_wconf 88' lang='lat' dir='ltr'><strong>spiritus</strong></span> <span class='ocrx_word' id='word_1_18' title='bbox 152 482 231 528; x_wconf 84' lang='lat' dir='ltr'><strong>saneti</strong></span> <span class='ocrx_word' id='word_1_19' title='bbox 242 496 383 528; x_wconf 89' lang='lat' dir='ltr'><strong>sermonem.</strong></span> 
     </span>
    </p>

    <p class='ocr_par' dir='ltr' id='par_1_4' title="bbox 70 556 604 615">
     <span class='ocr_line' id='line_1_5' title="bbox 70 556 604 615; baseline 0.004 -14"><span class='ocrx_word' id='word_1_20' title='bbox 70 557 218 614; x_wconf 73' lang='lat' dir='ltr'><strong>Respondit:</strong></span> <span class='ocrx_word' id='word_1_21' title='bbox 230 556 279 602; x_wconf 85' lang='lat' dir='ltr'><strong>Per</strong></span> <span class='ocrx_word' id='word_1_22' title='bbox 289 557 396 614; x_wconf 77' lang='lat' dir='ltr'>gratiam</span> <span class='ocrx_word' id='word_1_23' title='bbox 404 556 508 615; x_wconf 90' lang='lat' dir='ltr'><strong>spiritus</strong></span> <span class='ocrx_word' id='word_1_24' title='bbox 519 556 604 603; x_wconf 84' lang='lat' dir='ltr'><strong>saneti.</strong></span> 
     </span>
    </p>

    <p class='ocr_par' dir='ltr' id='par_1_5' title="bbox 38 631 815 766">
     <span class='ocr_line' id='line_1_6' title="bbox 68 631 815 690; baseline 0 -13"><span class='ocrx_word' id='word_1_25' title='bbox 68 632 258 690; x_wconf 75' lang='lat' dir='ltr'><strong>Responderunt</strong></span> <span class='ocrx_word' id='word_1_26' title='bbox 275 631 403 690; x_wconf 76' lang='lat' dir='ltr'><strong>discipuli:</strong></span> <span class='ocrx_word' id='word_1_27' title='bbox 422 632 546 688; x_wconf 78' lang='lat' dir='ltr'><strong>Quomodo</strong></span> <span class='ocrx_word' id='word_1_28' title='bbox 562 635 663 679; x_wconf 89' lang='lat' dir='ltr'><strong>sanatus</strong></span> <span class='ocrx_word' id='word_1_29' title='bbox 680 631 752 678; x_wconf 78' lang='lat' dir='ltr'><strong>fuisti</strong></span> <span class='ocrx_word' id='word_1_30' title='bbox 769 645 815 690; x_wconf 88' lang='lat' dir='ltr'><strong>per</strong></span> 
     </span>
     <span class='ocr_line' id='line_1_7' title="bbox 38 708 355 766; baseline 0 -12"><span class='ocrx_word' id='word_1_31' title='bbox 38 709 145 765; x_wconf 88' lang='lat' dir='ltr'><strong>gratiam</strong></span> <span class='ocrx_word' id='word_1_32' title='bbox 155 708 258 766; x_wconf 89' lang='lat' dir='ltr'><strong>spiritus</strong></span> <span class='ocrx_word' id='word_1_33' title='bbox 269 708 355 754; x_wconf 82' lang='lat' dir='ltr'><strong>saneti.</strong></span> 
     </span>
    </p>

    <p class='ocr_par' dir='ltr' id='par_1_6' title="bbox 69 783 676 841">
     <span class='ocr_line' id='line_1_8' title="bbox 69 783 676 841; baseline 0.003 -14"><span class='ocrx_word' id='word_1_34' title='bbox 69 783 217 841; x_wconf 74' lang='lat' dir='ltr'><strong>Respondit:</strong></span> <span class='ocrx_word' id='word_1_35' title='bbox 236 784 337 829; x_wconf 84' lang='lat' dir='ltr'><strong>Credidi</strong></span> <span class='ocrx_word' id='word_1_36' title='bbox 352 783 456 841; x_wconf 86' lang='lat' dir='ltr'><strong>spiritus</strong></span> <span class='ocrx_word' id='word_1_37' title='bbox 470 784 549 830; x_wconf 80' lang='lat' dir='ltr'><strong>saneti</strong></span> <span class='ocrx_word' id='word_1_38' title='bbox 564 783 676 830; x_wconf 89' lang='lat' dir='ltr'><strong>sermoni.</strong></span> 
     </span>
    </p>

    <p class='ocr_par' dir='ltr' id='par_1_7' title="bbox 37 857 814 981">
     <span class='ocr_line' id='line_1_9' title="bbox 68 857 814 916; baseline -0.001 -13"><span class='ocrx_word' id='word_1_39' title='bbox 68 859 259 915; x_wconf 73' lang='lat' dir='ltr'><strong>Responderunt</strong></span> <span class='ocrx_word' id='word_1_40' title='bbox 274 858 402 916; x_wconf 88' lang='lat' dir='ltr'><strong>diseipuli:</strong></span> <span class='ocrx_word' id='word_1_41' title='bbox 420 860 526 916; x_wconf 75' lang='lat' dir='ltr'><strong>Propter</strong></span> <span class='ocrx_word' id='word_1_42' title='bbox 541 861 607 915; x_wconf 89' lang='lat' dir='ltr'><strong>quod</strong></span> <span class='ocrx_word' id='word_1_43' title='bbox 624 859 750 905; x_wconf 77' lang='lat' dir='ltr'><strong>credidisti</strong></span> <span class='ocrx_word' id='word_1_44' title='bbox 766 857 814 916; x_wconf 87' lang='lat' dir='ltr'><strong>spi-</strong></span> 
     </span>
     <span class='ocr_line' id='line_1_10' title="bbox 37 934 315 981; baseline 0.007 -2"><span class='ocrx_word' id='word_1_45' title='bbox 37 934 102 980; x_wconf 90' lang='lat' dir='ltr'><strong>ritus</strong></span> <span class='ocrx_word' id='word_1_46' title='bbox 113 934 192 980; x_wconf 78' lang='lat' dir='ltr'><strong>saneti</strong></span> <span class='ocrx_word' id='word_1_47' title='bbox 204 934 315 981; x_wconf 88' lang='lat' dir='ltr'><strong>sermoni.</strong></span> 
     </span>
    </p>

    <p class='ocr_par' dir='ltr' id='par_1_8' title="bbox 68 1007 812 1067">
     <span class='ocr_line' id='line_1_11' title="bbox 68 1007 812 1067; baseline 0.001 -14"><span class='ocrx_word' id='word_1_48' title='bbox 68 1008 216 1066; x_wconf 89' lang='lat' dir='ltr'><strong>Respondit:</strong></span> <span class='ocrx_word' id='word_1_49' title='bbox 233 1008 297 1064; x_wconf 91' lang='lat' dir='ltr'><strong>Quia</strong></span> <span class='ocrx_word' id='word_1_50' title='bbox 310 1009 365 1055; x_wconf 91' lang='lat' dir='ltr'><strong>uidi</strong></span> <span class='ocrx_word' id='word_1_51' title='bbox 380 1009 483 1067; x_wconf 85' lang='lat' dir='ltr'><strong>gloriam</strong></span> <span class='ocrx_word' id='word_1_52' title='bbox 497 1009 632 1067; x_wconf 84' lang='lat' dir='ltr'><strong>spirituum</strong></span> <span class='ocrx_word' id='word_1_53' title='bbox 644 1009 752 1055; x_wconf 87' lang='lat' dir='ltr'><strong>filiorum</strong></span> <span class='ocrx_word' id='word_1_54' title='bbox 766 1007 812 1055; x_wconf 90' lang='lat' dir='ltr'><strong>dei.</strong></span> 
     </span>
    </p>
   </div>
   <div class='ocr_carea' id='block_1_3' title="bbox 68 1081 910 1141">
    <p class='ocr_par' dir='ltr' id='par_1_9' title="bbox 68 1081 910 1141">
     <span class='ocr_line' id='line_1_12' title="bbox 68 1081 910 1141; baseline 0.002 -14"><span class='ocrx_word' id='word_1_55' title='bbox 68 1084 258 1141; x_wconf 86' lang='lat' dir='ltr'><strong>Responderunt</strong></span> <span class='ocrx_word' id='word_1_56' title='bbox 271 1084 399 1141; x_wconf 75' lang='lat' dir='ltr'><strong>discipuli:</strong></span> <span class='ocrx_word' id='word_1_57' title='bbox 413 1084 537 1140; x_wconf 76' lang='lat' dir='ltr'><strong>Quomodo</strong></span> <span class='ocrx_word' id='word_1_58' title='bbox 549 1085 637 1130; x_wconf 88' lang='lat' dir='ltr'><strong>uidisti</strong></span> <span class='ocrx_word' id='word_1_59' title='bbox 649 1085 753 1141; x_wconf 86' lang='lat' dir='ltr'><strong>gloriam</strong></span> <span class='ocrx_word' id='word_1_60' title='bbox 766 1084 814 1141; x_wconf 84' lang='lat' dir='ltr'><strong>spi·</strong></span> <span class='ocrx_word' id='word_1_61' title='bbox 909 1081 910 1096; x_wconf 75' lang='lat'>³</span> 
     </span>
    </p>
   </div>
   <div class='ocr_carea' id='block_1_4' title="bbox 37 1159 813 1441">
    <p class='ocr_par' dir='ltr' id='par_1_10' title="bbox 37 1159 306 1205">
     <span class='ocr_line' id='line_1_13' title="bbox 37 1159 306 1205; baseline 0 -2"><span class='ocrx_word' id='word_1_62' title='bbox 37 1159 133 1205; x_wconf 88' lang='lat' dir='ltr'><strong>rituum</strong></span> <span class='ocrx_word' id='word_1_63' title='bbox 141 1159 249 1204; x_wconf 86' lang='lat' dir='ltr'><strong>filiorum</strong></span> <span class='ocrx_word' id='word_1_64' title='bbox 261 1159 306 1205; x_wconf 90' lang='lat' dir='ltr'><strong>dei.</strong></span> 
     </span>
    </p>

    <p class='ocr_par' dir='ltr' id='par_1_11' title="bbox 37 1233 813 1355">
     <span class='ocr_line' id='line_1_14' title="bbox 67 1233 813 1293; baseline 0.001 -16"><span class='ocrx_word' id='word_1_65' title='bbox 67 1233 216 1291; x_wconf 84' lang='lat' dir='ltr'><strong>Respondit:</strong></span> <span class='ocrx_word' id='word_1_66' title='bbox 229 1233 278 1280; x_wconf 84' lang='lat' dir='ltr'><strong>Per</strong></span> <span class='ocrx_word' id='word_1_67' title='bbox 290 1234 394 1290; x_wconf 90' lang='lat' dir='ltr'><strong>gloriam</strong></span> <span class='ocrx_word' id='word_1_68' title='bbox 406 1234 539 1292; x_wconf 88' lang='lat' dir='ltr'><strong>spirituum</strong></span> <span class='ocrx_word' id='word_1_69' title='bbox 552 1234 730 1292; x_wconf 88' lang='lat' dir='ltr'><strong>diseipulorum</strong></span> <span class='ocrx_word' id='word_1_70' title='bbox 742 1233 813 1293; x_wconf 85' lang='lat' dir='ltr'><strong>spiri-</strong></span> 
     </span>
     <span class='ocr_line' id='line_1_15' title="bbox 37 1309 174 1355; baseline 0.007 -1"><span class='ocrx_word' id='word_1_71' title='bbox 37 1314 76 1354; x_wconf 85' lang='lat' dir='ltr'><strong>tus</strong></span> <span class='ocrx_word' id='word_1_72' title='bbox 89 1309 174 1355; x_wconf 81' lang='lat' dir='ltr'><strong>saneti.</strong></span> 
     </span>
    </p>

    <p class='ocr_par' dir='ltr' id='par_1_12' title="bbox 67 1383 813 1441">
     <span class='ocr_line' id='line_1_16' title="bbox 67 1383 813 1441; baseline 0.001 -14"><span class='ocrx_word' id='word_1_73' title='bbox 67 1383 258 1441; x_wconf 87' lang='lat' dir='ltr'><strong>Responderunt</strong></span> <span class='ocrx_word' id='word_1_74' title='bbox 271 1384 398 1441; x_wconf 78' lang='lat' dir='ltr'><strong>discipuli:</strong></span> <span class='ocrx_word' id='word_1_75' title='bbox 414 1384 539 1439; x_wconf 90' lang='lat' dir='ltr'><strong>Quomodo</strong></span> <span class='ocrx_word' id='word_1_76' title='bbox 550 1385 637 1430; x_wconf 86' lang='lat' dir='ltr'><strong>uidisti</strong></span> <span class='ocrx_word' id='word_1_77' title='bbox 650 1384 753 1441; x_wconf 90' lang='lat' dir='ltr'><strong>gloriam</strong></span> <span class='ocrx_word' id='word_1_78' title='bbox 765 1383 813 1440; x_wconf 90' lang='lat' dir='ltr'><strong>spi-</strong></span> 
     </span>
    </p>
   </div>
   <div class='ocr_carea' id='block_1_5' title="bbox 35 1458 813 1592">
    <p class='ocr_par' dir='ltr' id='par_1_13' title="bbox 35 1458 813 1592">
     <span class='ocr_line' id='line_1_17' title="bbox 35 1458 535 1517; baseline 0.004 -14"><span class='ocrx_word' id='word_1_79' title='bbox 35 1458 131 1504; x_wconf 88' lang='lat' dir='ltr'><strong>rituum</strong></span> <span class='ocrx_word' id='word_1_80' title='bbox 143 1458 321 1517; x_wconf 86' lang='lat' dir='ltr'><strong>disoipulorum</strong></span> <span class='ocrx_word' id='word_1_81' title='bbox 333 1460 436 1517; x_wconf 90' lang='lat' dir='ltr'><strong>spiritus</strong></span> <span class='ocrx_word' id='word_1_82' title='bbox 449 1460 535 1505; x_wconf 86' lang='lat' dir='ltr'><strong>saneti.</strong></span> 
     </span>
     <span class='ocr_line' id='line_1_18' title="bbox 66 1533 813 1592; baseline 0.003 -15"><span class='ocrx_word' id='word_1_83' title='bbox 66 1533 215 1590; x_wconf 89' lang='lat' dir='ltr'><strong>Respondit:</strong></span> <span class='ocrx_word' id='word_1_84' title='bbox 230 1533 290 1580; x_wconf 91' lang='lat' dir='ltr'><strong>Uidi</strong></span> <span class='ocrx_word' id='word_1_85' title='bbox 305 1535 409 1592; x_wconf 77' lang='lat' dir='ltr'><strong>gloriam</strong></span> <span class='ocrx_word' id='word_1_86' title='bbox 422 1534 557 1592; x_wconf 88' lang='lat' dir='ltr'><strong>spirituum</strong></span> <span class='ocrx_word' id='word_1_87' title='bbox 573 1534 749 1592; x_wconf 75' lang='lat' dir='ltr'><strong>discipulorum</strong></span> <span class='ocrx_word' id='word_1_88' title='bbox 764 1535 813 1592; x_wconf 88' lang='lat' dir='ltr'><strong>spi-</strong></span> 
     </span>
    </p>
   </div>
   <div class='ocr_carea' id='block_1_6' title="bbox 35 1609 845 2345">
    <p class='ocr_par' dir='ltr' id='par_1_14' title="bbox 35 1609 813 1817">
     <span class='ocr_line' id='line_1_19' title="bbox 36 1609 813 1668; baseline 0.003 -15"><span class='ocrx_word' id='word_1_89' title='bbox 36 1609 100 1655; x_wconf 89' lang='lat' dir='ltr'><strong>ritus</strong></span> <span class='ocrx_word' id='word_1_90' title='bbox 112 1609 191 1655; x_wconf 80' lang='lat' dir='ltr'><strong>saneti</strong></span> <span class='ocrx_word' id='word_1_91' title='bbox 202 1610 230 1654; x_wconf 89' lang='lat' dir='ltr'><strong>in</strong></span> <span class='ocrx_word' id='word_1_92' title='bbox 241 1609 304 1655; x_wconf 75' lang='lat' dir='ltr'><strong>faeie</strong></span> <span class='ocrx_word' id='word_1_93' title='bbox 316 1611 404 1654; x_wconf 86' lang='lat' dir='ltr'><strong>horum</strong></span> <span class='ocrx_word' id='word_1_94' title='bbox 416 1611 459 1666; x_wconf 86' lang='lat' dir='ltr'><strong>qui</strong></span> <span class='ocrx_word' id='word_1_95' title='bbox 469 1610 673 1667; x_wconf 80' lang='lat' dir='ltr'><strong>euangelizabant</strong></span> <span class='ocrx_word' id='word_1_96' title='bbox 684 1610 813 1668; x_wconf 76' lang='lat' dir='ltr'><strong>spiritibus</strong></span> 
     </span>
     <span class='ocr_line' id='line_1_20' title="bbox 35 1684 813 1743; baseline 0.003 -15"><span class='ocrx_word' id='word_1_97' title='bbox 35 1684 162 1730; x_wconf 87' lang='lat' dir='ltr'><strong>hominum</strong></span> <span class='ocrx_word' id='word_1_98' title='bbox 175 1699 220 1741; x_wconf 90' lang='lat' dir='ltr'><strong>per</strong></span> <span class='ocrx_word' id='word_1_99' title='bbox 232 1684 350 1741; x_wconf 91' lang='lat' dir='ltr'><strong>spiritum</strong></span> <span class='ocrx_word' id='word_1_100' title='bbox 356 1690 468 1730; x_wconf 83' lang='lat' dir='ltr'><strong>sanetum</strong></span> <span class='ocrx_word' id='word_1_101' title='bbox 476 1685 578 1740; x_wconf 85' lang='lat' dir='ltr'><strong>gloriam</strong></span> <span class='ocrx_word' id='word_1_102' title='bbox 586 1685 720 1741; x_wconf 87' lang='lat' dir='ltr'><strong>spirituum</strong></span> <span class='ocrx_word' id='word_1_103' title='bbox 734 1685 813 1743; x_wconf 89' lang='lat' dir='ltr'><strong>patris</strong></span> 
     </span>
     <span class='ocr_line' id='line_1_21' title="bbox 36 1759 639 1817; baseline 0.002 -13"><span class='ocrx_word' id='word_1_104' title='bbox 36 1764 60 1805; x_wconf 92' lang='lat' dir='ltr'><strong>et</strong></span> <span class='ocrx_word' id='word_1_105' title='bbox 71 1760 175 1815; x_wconf 86' lang='lat' dir='ltr'><strong>gloriam</strong></span> <span class='ocrx_word' id='word_1_106' title='bbox 184 1760 287 1817; x_wconf 89' lang='lat' dir='ltr'><strong>spiritus</strong></span> <span class='ocrx_word' id='word_1_107' title='bbox 297 1759 377 1805; x_wconf 85' lang='lat' dir='ltr'><strong>saneti</strong></span> <span class='ocrx_word' id='word_1_108' title='bbox 389 1764 412 1806; x_wconf 89' lang='lat' dir='ltr'><strong>et</strong></span> <span class='ocrx_word' id='word_1_109' title='bbox 424 1760 527 1816; x_wconf 79' lang='lat' dir='ltr'><strong>gloriam</strong></span> <span class='ocrx_word' id='word_1_110' title='bbox 536 1760 582 1805; x_wconf 87' lang='lat' dir='ltr'><strong>filii</strong></span> <span class='ocrx_word' id='word_1_111' title='bbox 594 1760 639 1807; x_wconf 90' lang='lat' dir='ltr'><strong>dei.</strong></span> 
     </span>
    </p>

    <p class='ocr_par' dir='ltr' id='par_1_15' title="bbox 35 1834 813 2042">
     <span class='ocr_line' id='line_1_22' title="bbox 66 1834 812 1893; baseline 0.001 -14"><span class='ocrx_word' id='word_1_112' title='bbox 66 1835 126 1880; x_wconf 90' lang='lat' dir='ltr'><strong>Post</strong></span> <span class='ocrx_word' id='word_1_113' title='bbox 138 1835 182 1880; x_wconf 84' lang='lat' dir='ltr'><strong>hee</strong></span> <span class='ocrx_word' id='word_1_114' title='bbox 197 1834 313 1891; x_wconf 73' lang='lat' dir='ltr'><strong>discipuli</strong></span> <span class='ocrx_word' id='word_1_115' title='bbox 327 1835 529 1891; x_wconf 84' lang='lat' dir='ltr'><strong>euangelizabant</strong></span> <span class='ocrx_word' id='word_1_116' title='bbox 542 1835 673 1893; x_wconf 89' lang='lat' dir='ltr'><strong>spiritibus</strong></span> <span class='ocrx_word' id='word_1_117' title='bbox 685 1836 812 1882; x_wconf 81' lang='lat' dir='ltr'><strong>hominnm</strong></span> 
     </span>
     <span class='ocr_line' id='line_1_23' title="bbox 36 1907 813 1969; baseline 0.003 -15"><span class='ocrx_word' id='word_1_118' title='bbox 36 1925 81 1967; x_wconf 90' lang='lat' dir='ltr'><strong>per</strong></span> <span class='ocrx_word' id='word_1_119' title='bbox 97 1910 215 1967; x_wconf 90' lang='lat' dir='ltr'><strong>spiritum</strong></span> <span class='ocrx_word' id='word_1_120' title='bbox 229 1915 343 1956; x_wconf 82' lang='lat' dir='ltr'><strong>sanetum</strong></span> <span class='ocrx_word' id='word_1_121' title='bbox 357 1910 462 1966; x_wconf 86' lang='lat' dir='ltr'><strong>gloriam</strong></span> <span class='ocrx_word' id='word_1_122' title='bbox 478 1907 612 1968; x_wconf 86' lang='lat' dir='ltr'><strong>spirituum</strong></span> <span class='ocrx_word' id='word_1_123' title='bbox 628 1911 709 1969; x_wconf 85' lang='lat' dir='ltr'><strong>patris</strong></span> <span class='ocrx_word' id='word_1_124' title='bbox 724 1917 749 1958; x_wconf 83' lang='lat' dir='ltr'><strong>et</strong></span> <span class='ocrx_word' id='word_1_125' title='bbox 765 1910 813 1967; x_wconf 91' lang='lat' dir='ltr'><strong>glo-</strong></span> 
     </span>
     <span class='ocr_line' id='line_1_24' title="bbox 35 1985 575 2042; baseline 0.002 -13"><span class='ocrx_word' id='word_1_126' title='bbox 35 1985 99 2031; x_wconf 89' lang='lat' dir='ltr'><strong>riam</strong></span> <span class='ocrx_word' id='word_1_127' title='bbox 110 1986 215 2042; x_wconf 88' lang='lat' dir='ltr'><strong>spiritus</strong></span> <span class='ocrx_word' id='word_1_128' title='bbox 227 1985 305 2031; x_wconf 81' lang='lat' dir='ltr'><strong>saneti</strong></span> <span class='ocrx_word' id='word_1_129' title='bbox 318 1991 343 2031; x_wconf 89' lang='lat' dir='ltr'><strong>et</strong></span> <span class='ocrx_word' id='word_1_130' title='bbox 355 1985 459 2042; x_wconf 86' lang='lat' dir='ltr'><strong>gloriam</strong></span> <span class='ocrx_word' id='word_1_131' title='bbox 470 1986 516 2031; x_wconf 87' lang='lat' dir='ltr'><strong>filii</strong></span> <span class='ocrx_word' id='word_1_132' title='bbox 530 1986 575 2032; x_wconf 86' lang='lat' dir='ltr'><strong>dei.</strong></span> 
     </span>
    </p>

    <p class='ocr_par' dir='ltr' id='par_1_16' title="bbox 35 2060 845 2268">
     <span class='ocr_line' id='line_1_25' title="bbox 65 2060 812 2121; baseline 0.001 -16"><span class='ocrx_word' id='word_1_133' title='bbox 65 2060 100 2107; x_wconf 91' lang='lat' dir='ltr'><strong>Ut</strong></span> <span class='ocrx_word' id='word_1_134' title='bbox 113 2061 216 2117; x_wconf 90' lang='lat' dir='ltr'><strong>spiritus</strong></span> <span class='ocrx_word' id='word_1_135' title='bbox 230 2060 357 2106; x_wconf 86' lang='lat' dir='ltr'><strong>hominum</strong></span> <span class='ocrx_word' id='word_1_136' title='bbox 370 2061 526 2107; x_wconf 76' lang='lat' dir='ltr'><strong>saltarentur</strong></span> <span class='ocrx_word' id='word_1_137' title='bbox 540 2062 570 2107; x_wconf 91' lang='lat' dir='ltr'><strong>ab</strong></span> <span class='ocrx_word' id='word_1_138' title='bbox 584 2061 714 2116; x_wconf 83' lang='lat' dir='ltr'><strong>spiritibus</strong></span> <span class='ocrx_word' id='word_1_139' title='bbox 727 2061 812 2121; x_wconf 86' lang='lat' dir='ltr'><strong>malig-</strong></span> 
     </span>
     <span class='ocr_line' id='line_1_26' title="bbox 35 2135 845 2194; baseline 0.004 -15"><span class='ocrx_word' id='word_1_140' title='bbox 35 2135 73 2181; x_wconf 87' lang='lat' dir='ltr'><strong>nis</strong></span> <span class='ocrx_word' id='word_1_141' title='bbox 88 2135 130 2192; x_wconf 87' lang='lat' dir='ltr'><strong>qui</strong></span> <span class='ocrx_word' id='word_1_142' title='bbox 143 2135 249 2181; x_wconf 87' lang='lat' dir='ltr'><strong>hodiunt</strong></span> <span class='ocrx_word' id='word_1_143' title='bbox 262 2136 366 2193; x_wconf 89' lang='lat' dir='ltr'><strong>spiritus</strong></span> <span class='ocrx_word' id='word_1_144' title='bbox 379 2136 506 2181; x_wconf 83' lang='lat' dir='ltr'><strong>hominum</strong></span> <span class='ocrx_word' id='word_1_145' title='bbox 519 2151 580 2193; x_wconf 85' lang='lat' dir='ltr'><strong>quos</strong></span> <span class='ocrx_word' id='word_1_146' title='bbox 594 2136 728 2194; x_wconf 88' lang='lat' dir='ltr'><strong>spirituum</strong></span> <span class='ocrx_word' id='word_1_147' title='bbox 741 2141 813 2194; x_wconf 92' lang='lat' dir='ltr'><strong>pater</strong></span> <span class='ocrx_word' id='word_1_148' title='bbox 839 2152 845 2159; x_wconf 59' lang='lat'>‘</span> 
     </span>
     <span class='ocr_line' id='line_1_27' title="bbox 36 2210 578 2268; baseline 0.002 -13"><span class='ocrx_word' id='word_1_149' title='bbox 36 2215 60 2255; x_wconf 95' lang='lat' dir='ltr'><strong>et</strong></span> <span class='ocrx_word' id='word_1_150' title='bbox 71 2210 176 2267; x_wconf 88' lang='lat' dir='ltr'><strong>spiritus</strong></span> <span class='ocrx_word' id='word_1_151' title='bbox 187 2215 287 2256; x_wconf 85' lang='lat' dir='ltr'><strong>sanetus</strong></span> <span class='ocrx_word' id='word_1_152' title='bbox 299 2210 400 2256; x_wconf 79' lang='lat' dir='ltr'><strong>attilius</strong></span> <span class='ocrx_word' id='word_1_153' title='bbox 412 2211 451 2257; x_wconf 89' lang='lat' dir='ltr'><strong>dei</strong></span> <span class='ocrx_word' id='word_1_154' title='bbox 463 2211 578 2268; x_wconf 88' lang='lat' dir='ltr'><strong>diligunt.</strong></span> 
     </span>
    </p>

    <p class='ocr_par' dir='ltr' id='par_1_17' title="bbox 66 2286 813 2345">
     <span class='ocr_line' id='line_1_28' title="bbox 66 2286 813 2345; baseline -0.001 -12"><span class='ocrx_word' id='word_1_155' title='bbox 66 2290 101 2335; x_wconf 85' lang='lat' dir='ltr'><strong>Et</strong></span> <span class='ocrx_word' id='word_1_156' title='bbox 110 2304 157 2345; x_wconf 90' lang='lat' dir='ltr'><strong>pro</strong></span> <span class='ocrx_word' id='word_1_157' title='bbox 167 2288 271 2345; x_wconf 80' lang='lat' dir='ltr'><strong>gloriam</strong></span> <span class='ocrx_word' id='word_1_158' title='bbox 278 2287 413 2344; x_wconf 88' lang='lat' dir='ltr'><strong>spirituum</strong></span> <span class='ocrx_word' id='word_1_159' title='bbox 418 2286 498 2343; x_wconf 89' lang='lat' dir='ltr'><strong>patris</strong></span> <span class='ocrx_word' id='word_1_160' title='bbox 509 2292 532 2332; x_wconf 86' lang='lat' dir='ltr'><strong>et</strong></span> <span class='ocrx_word' id='word_1_161' title='bbox 543 2301 590 2343; x_wconf 88' lang='lat' dir='ltr'><strong>pro</strong></span> <span class='ocrx_word' id='word_1_162' title='bbox 600 2286 703 2343; x_wconf 85' lang='lat' dir='ltr'><strong>gloriam</strong></span> <span class='ocrx_word' id='word_1_163' title='bbox 709 2286 813 2344; x_wconf 88' lang='lat' dir='ltr'><strong>spiritus</strong></span> 
     </span>
    </p>
   </div>
   <div class='ocr_carea' id='block_1_7' title="bbox 35 2364 813 2423">
    <p class='ocr_par' dir='ltr' id='par_1_18' title="bbox 35 2351 909 2423">
     <span class='ocr_line' id='line_1_29' title="bbox 35 2364 813 2423; baseline -0.003 -11"><span class='ocrx_word' id='word_1_164' title='bbox 35 2367 114 2412; x_wconf 87' lang='lat' dir='ltr'><strong>saneti</strong></span> <span class='ocrx_word' id='word_1_165' title='bbox 128 2371 153 2412; x_wconf 90' lang='lat' dir='ltr'><strong>et</strong></span> <span class='ocrx_word' id='word_1_166' title='bbox 167 2381 214 2423; x_wconf 88' lang='lat' dir='ltr'><strong>pro</strong></span> <span class='ocrx_word' id='word_1_167' title='bbox 228 2365 332 2422; x_wconf 81' lang='lat' dir='ltr'><strong>gloriam</strong></span> <span class='ocrx_word' id='word_1_168' title='bbox 346 2364 392 2409; x_wconf 89' lang='lat' dir='ltr'><strong>filii</strong></span> <span class='ocrx_word' id='word_1_169' title='bbox 408 2364 447 2409; x_wconf 85' lang='lat' dir='ltr'><strong>dei</strong></span> <span class='ocrx_word' id='word_1_170' title='bbox 463 2364 578 2420; x_wconf 77' lang='lat' dir='ltr'><strong>discipuli</strong></span> <span class='ocrx_word' id='word_1_171' title='bbox 593 2365 697 2421; x_wconf 86' lang='lat' dir='ltr'><strong>ingressi</strong></span> <span class='ocrx_word' id='word_1_172' title='bbox 712 2370 771 2410; x_wconf 86' lang='lat' dir='ltr'><strong>sunt</strong></span> <span class='ocrx_word' id='word_1_173' title='bbox 785 2365 813 2409; x_wconf 93' lang='lat' dir='ltr'><strong>in</strong></span> 
     </span>
    </p>
   </div>
   <div class='ocr_carea' id='block_1_8' title="bbox 34 2442 812 2501">
    <p class='ocr_par' dir='ltr' id='par_1_19' title="bbox 34 2442 812 2501">
     <span class='ocr_line' id='line_1_30' title="bbox 34 2442 812 2501; baseline -0.005 -10"><span class='ocrx_word' id='word_1_174' title='bbox 34 2446 182 2491; x_wconf 87' lang='lat' dir='ltr'><strong>iherusalem</strong></span> <span class='ocrx_word' id='word_1_175' title='bbox 202 2449 231 2489; x_wconf 91' lang='lat' dir='ltr'><strong>ut</strong></span> <span class='ocrx_word' id='word_1_176' title='bbox 252 2443 381 2501; x_wconf 86' lang='lat' dir='ltr'><strong>spiritibus</strong></span> <span class='ocrx_word' id='word_1_177' title='bbox 401 2443 528 2488; x_wconf 89' lang='lat' dir='ltr'><strong>hominum</strong></span> <span class='ocrx_word' id='word_1_178' title='bbox 550 2442 747 2499; x_wconf 83' lang='lat' dir='ltr'><strong>euangeliaarent</strong></span> <span class='ocrx_word' id='word_1_179' title='bbox 767 2457 812 2501; x_wconf 89' lang='lat' dir='ltr'><strong>per</strong></span> 
     </span>
    </p>
   </div>
   <div class='ocr_carea' id='block_1_9' title="bbox 34 2521 905 2580">
    <p class='ocr_par' dir='ltr' id='par_1_20' title="bbox 34 2521 905 2580">
     <span class='ocr_line' id='line_1_31' title="bbox 34 2521 905 2580; baseline -0.005 -11"><span class='ocrx_word' id='word_1_180' title='bbox 34 2524 152 2580; x_wconf 87' lang='lat' dir='ltr'><strong>spiritum</strong></span> <span class='ocrx_word' id='word_1_181' title='bbox 168 2527 281 2568; x_wconf 88' lang='lat' dir='ltr'><strong>sanetum</strong></span> <span class='ocrx_word' id='word_1_182' title='bbox 298 2522 402 2578; x_wconf 80' lang='lat' dir='ltr'><strong>gloriam</strong></span> <span class='ocrx_word' id='word_1_183' title='bbox 420 2521 554 2578; x_wconf 87' lang='lat' dir='ltr'><strong>spirituum</strong></span> <span class='ocrx_word' id='word_1_184' title='bbox 570 2522 651 2578; x_wconf 87' lang='lat' dir='ltr'><strong>patris</strong></span> <span class='ocrx_word' id='word_1_185' title='bbox 668 2526 691 2567; x_wconf 91' lang='lat' dir='ltr'><strong>et</strong></span> <span class='ocrx_word' id='word_1_186' title='bbox 708 2521 812 2576; x_wconf 78' lang='lat' dir='ltr'><strong>gloriam</strong></span> <span class='ocrx_word' id='word_1_187' title='bbox 903 2526 905 2537; x_wconf 70' lang='lat'>³</span> 
     </span>
    </p>
   </div>
   <div class='ocr_carea' id='block_1_10' title="bbox 35 2599 494 2660">
    <p class='ocr_par' dir='ltr' id='par_1_21' title="bbox 35 2599 494 2660">
     <span class='ocr_line' id='line_1_32' title="bbox 35 2599 494 2660; baseline -0.009 -12"><span class='ocrx_word' id='word_1_188' title='bbox 35 2602 138 2660; x_wconf 87' lang='lat' dir='ltr'><strong>spiritus</strong></span> <span class='ocrx_word' id='word_1_189' title='bbox 149 2601 228 2647; x_wconf 86' lang='lat' dir='ltr'><strong>saneti</strong></span> <span class='ocrx_word' id='word_1_190' title='bbox 241 2606 265 2647; x_wconf 90' lang='lat' dir='ltr'><strong>et</strong></span> <span class='ocrx_word' id='word_1_191' title='bbox 276 2600 380 2657; x_wconf 89' lang='lat' dir='ltr'><strong>gloriam</strong></span> <span class='ocrx_word' id='word_1_192' title='bbox 389 2600 436 2644; x_wconf 86' lang='lat' dir='ltr'><strong>filii</strong></span> <span class='ocrx_word' id='word_1_193' title='bbox 448 2599 494 2646; x_wconf 87' lang='lat' dir='ltr'><strong>dei.</strong></span> 
     </span>
    </p>
   </div>
   <div class='ocr_carea' id='block_1_11' title="bbox 34 2678 812 2816">
    <p class='ocr_par' dir='ltr' id='par_1_22' title="bbox 34 2651 910 2827">
     <span class='ocr_line' id='line_1_33' title="bbox 65 2678 811 2737; baseline -0.007 -11"><span class='ocrx_word' id='word_1_194' title='bbox 65 2681 200 2737; x_wconf 84' lang='lat' dir='ltr'><strong>Postquam</strong></span> <span class='ocrx_word' id='word_1_195' title='bbox 219 2679 449 2735; x_wconf 75' lang='lat' dir='ltr'><strong>euangeliz‘aberant</strong></span> <span class='ocrx_word' id='word_1_196' title='bbox 468 2678 598 2735; x_wconf 87' lang='lat' dir='ltr'><strong>spiritibus</strong></span> <span class='ocrx_word' id='word_1_197' title='bbox 615 2678 743 2723; x_wconf 89' lang='lat' dir='ltr'><strong>hominum</strong></span> <span class='ocrx_word' id='word_1_198' title='bbox 762 2678 811 2732; x_wconf 84' lang='lat' dir='ltr'><strong>glo·</strong></span> 
     </span>
     <span class='ocr_line' id='line_1_34' title="bbox 34 2756 812 2816; baseline -0.006 -12"><span class='ocrx_word' id='word_1_199' title='bbox 34 2759 98 2804; x_wconf 89' lang='lat' dir='ltr'><strong>riam</strong></span> <span class='ocrx_word' id='word_1_200' title='bbox 111 2759 246 2816; x_wconf 89' lang='lat' dir='ltr'><strong>spirituum</strong></span> <span class='ocrx_word' id='word_1_201' title='bbox 260 2758 339 2814; x_wconf 90' lang='lat' dir='ltr'><strong>patris</strong></span> <span class='ocrx_word' id='word_1_202' title='bbox 353 2761 379 2802; x_wconf 89' lang='lat' dir='ltr'><strong>et</strong></span> <span class='ocrx_word' id='word_1_203' title='bbox 393 2756 497 2813; x_wconf 86' lang='lat' dir='ltr'><strong>gloriam</strong></span> <span class='ocrx_word' id='word_1_204' title='bbox 511 2756 614 2813; x_wconf 89' lang='lat' dir='ltr'><strong>spiritus</strong></span> <span class='ocrx_word' id='word_1_205' title='bbox 629 2756 707 2802; x_wconf 82' lang='lat' dir='ltr'><strong>sanati</strong></span> <span class='ocrx_word' id='word_1_206' title='bbox 724 2760 747 2801; x_wconf 85' lang='lat' dir='ltr'><strong>et</strong></span> <span class='ocrx_word' id='word_1_207' title='bbox 762 2756 812 2812; x_wconf 88' lang='lat' dir='ltr'><strong>glo·</strong></span> 
     </span>
    </p>
   </div>
   <div class='ocr_carea' id='block_1_12' title="bbox 0 0 914 2972">
    <p class='ocr_par' dir='ltr' id='par_1_23' title="bbox 0 0 914 2972">
     <span class='ocr_line' id='line_1_35' title="bbox 0 0 914 2972; baseline 0 0"><span class='ocrx_word' id='word_1_208' title='bbox 0 0 914 2972; x_wconf 95' lang='lat' dir='ltr'><strong> </strong></span> 
     </span>
    </p>
   </div>
  </div>
 </body>
</html>
