1819 2972
67 116 150 156 CHAP.
159 116 218 163 XII.]
290 116 383 156 ACTUS
395 116 621 157 DISCIPULORUM.
816 107 846 152 23

67 245 131 291 riam
143 245 190 291 filii
205 245 244 292 dei
259 244 376 303 discipuli
391 247 511 292 uiderunt
527 246 650 302 quendam
664 245 787 291 hominem
801 244 844 302 qni

67 318 220 375 glorificabat
240 318 374 376 spirituum
393 323 490 376 patrem
510 323 535 364 et
555 317 708 374 glorificabat
727 317 844 375 spiritum

67 395 180 437 sanetum
193 395 217 437 et
230 390 383 448 glorificabat
393 391 473 436 filium
486 390 532 436 dei.

98 462 133 509 Et
147 462 364 520 interrogaberunt
379 463 507 521 discipuli:
523 462 630 520 Propter
645 463 710 520 quod
726 461 844 519 glorifiea-

67 536 111 582 bat
126 535 260 594 spirituum
277 541 374 594 patrem
390 541 414 583 et
430 535 584 594 glorificabat
599 534 716 593 spiritum
733 539 845 580 sanetum

67 611 92 654 et
102 607 254 663 glorffieabat
265 607 345 653 filiurn
355 608 401 654 dei.

98 679 246 738 Respondit:
259 680 313 737 Ego
324 680 434 738 glorifico
444 680 580 737 spirituum
591 685 688 739 patrem
700 685 724 727 et
736 679 844 737 glorifico

66 753 183 810 spiritum
201 758 315 799 sanetum
333 759 358 801 et
378 752 486 811 glorifico
505 753 585 799 filium
604 752 644 799 dei
664 753 722 810 quia
743 757 843 799 sanatus
904 804 907 809 ,

78 841 127 871 um.

66 841 77 872 s
97 897 288 955 Responderunt
298 896 430 963 discipuli:
447 896 573 952 Quomodo
586 901 688 944 sanatus
702 896 781 944 fuisti.

97 969 245 1028 Respondit:
258 970 311 1028 Ego
324 971 363 1016 fui
375 968 506 1016 lunatieus.

97 1042 288 1100 Responderunt
303 1042 430 1099 discipuli:
447 1041 574 1097 Quomodo
585 1046 688 1088 sanatus
703 1042 781 1088 inisti.

97 1114 246 1172 Respondit:
259 1114 308 1160 Per
318 1113 422 1172 spiritus
433 1114 512 1161 saneti
523 1129 664 1161 sermonem.

97 1186 288 1244 Responderunt
304 1186 433 1244 diseipuli:
450 1185 576 1241 Quomodo
592 1192 694 1233 sanatus
710 1185 782 1231 fuisti
798 1200 844 1244 per

66 1259 170 1317 spiritus
181 1259 260 1305 saneti
271 1273 413 1305 sermonem.

96 1331 245 1388 Respondit:
258 1330 307 1377 Per
318 1330 425 1388 gratiam
435 1330 541 1388 spiritus
552 1331 638 1377 saneti.

97 1402 288 1461 Responderunt
305 1403 433 1460 discipuli:
451 1402 577 1458 Quomodo
592 1407 694 1450 sanatus
710 1404 783 1449 fuisti
799 1417 844 1461 per

66 1480 173 1537 gratiam
184 1479 288 1536 spiritus
299 1479 384 1526 saneti.

96 1554 245 1612 Respondit:
262 1554 316 1611 Ego
332 1558 433 1603 sanatus
450 1553 489 1599 fui
506 1554 627 1601 eredendo
644 1554 747 1611 spiritus
764 1554 843 1600 sanati

65 1628 171 1673 sermoni
182 1642 227 1684 per
238 1627 344 1684 gratiam
353 1626 457 1683 spiritus
469 1626 554 1673 saneti.

96 1701 287 1759 Responderunt
302 1701 430 1758 discipuli:
447 1701 554 1759 Propter
569 1704 636 1758 quod
651 1702 778 1749 eredidisti
794 1702 842 1759 spi-

65 1777 131 1824 ritns
140 1778 219 1823 saneti
231 1777 343 1823 sermoni.

96 1852 244 1910 Respondit:
258 1852 313 1909 Ego
324 1852 378 1898 uidi
391 1852 495 1909 gloriam
507 1852 642 1909 spirituum
652 1852 761 1899 filiorum
773 1853 819 1899 dei.

23 1980 25 1983 Α
96 1927 287 1985 Responderunt
299 1927 427 1984 discipuli:
441 1926 566 1982 Quomodo
578 1928 666 1974 uidisti
679 1927 783 1984 gloriam
794 1927 843 1986 spi-

65 2003 160 2049 rituum
171 2002 280 2048 filiorum
291 2003 337 2048 dei.

96 2077 244 2135 Respondit:
266 2076 326 2123 Uidi
347 2076 451 2133 gloriam
471 2077 606 2134 spirituum
625 2077 734 2124 filiorum
756 2079 795 2124 dei
816 2078 842 2123 in

4 2180 6 2183 >
65 2153 129 2198 faeie
142 2152 320 2209 discipulorum
331 2152 437 2209 spiritus
448 2153 533 2199 saneti.

96 2227 285 2285 Responderunt
303 2227 431 2283 disoipuli:
449 2226 555 2282 Quando
569 2228 657 2274 nidisti
674 2228 778 2285 gloriam
794 2228 842 2287 spi-

65 2302 161 2348 rituum
169 2302 278 2347 filiorum
289 2302 328 2347 dei
339 2302 367 2347 in
377 2302 440 2348 faeie
453 2302 631 2360 discipulorum
642 2304 744 2361 spiritus
756 2303 841 2350 saneti.

97 2376 246 2435 Respondit:
259 2376 319 2422 Uidi
331 2377 435 2433 gloriam
447 2377 582 2434 spirituum
593 2378 701 2424 filiorum
715 2380 754 2425 dei
767 2379 793 2423 in
808 2379 844 2423 fa-

65 2452 100 2498 eie
117 2453 295 2509 disoipulorum
310 2452 414 2509 spiritus
428 2453 508 2498 saneti
526 2454 625 2509 quando
641 2455 841 2511 euangelizabant

64 2528 195 2585 spiritibus·
205 2527 333 2573 hominurn
344 2542 390 2584 per
400 2528 518 2584 spiritum
529 2533 643 2574 sanetum
655 2530 758 2586 gloriam
770 2530 842 2587 spiri-

64 2608 136 2649 tuum
146 2602 255 2648 filiorum
267 2601 313 2647 dei.

96 2678 131 2724 nt
145 2692 192 2735 pro
208 2676 312 2734 gloriam
327 2676 461 2734 spirituum
476 2677 557 2734 patris
573 2683 597 2724 et
613 2693 660 2736 pro
673 2680 778 2736 gloriam
794 2679 842 2738 spi-
